2938 3762
556 459 616 503 46
1191 452 1523 502 HISTORIA
1560 452 1905 501 ABBATUM

553 586 847 640 felicitatem,
889 586 970 632 lib.
1014 590 1056 634 9.
1127 584 1268 639 Item,
1294 584 1683 632 Annotationum
1718 586 1768 631 in
1802 581 2027 646 physicen
2064 581 2352 641 Aristotelis,
2385 586 2464 633 lib.
2494 591 2535 633 1.

554 685 699 740 Item,
725 658 1109 731 Annotationum
1136 685 1186 730 in
1211 684 1403 731 ethicen
1431 681 1719 738 Aristotelis,
1744 683 1827 730 lib.
1850 687 1924 730 10.
1983 682 2127 738 Item,
2151 682 2539 731 Annotationum

552 787 603 831 in
633 784 878 845 politicam
914 781 1204 838 Aristotelis,
1236 782 1318 830 lib.
1344 786 1388 829 8.
1480 782 1622 838 Item,
1647 782 2115 830 Commentariorum
2139 784 2189 829 in
2214 785 2539 830 oeconomiam

553 881 841 938 Aristotelis,
869 882 951 929 lib.
978 887 1022 929 ⁶2.
1093 882 1235 939 Item,
1271 882 1497 931 Idearum
1533 882 1906 937 Platonicarum,
1930 881 2012 929 lib.
2041 886 2083 928 1.
2153 882 2294 937 Item,
2320 881 2541 929 Annota-

552 984 743 1029 tionum
775 983 826 1029 in
851 980 1035 1038 Officia,
1070 981 1366 1037 Amicitiam,
1403 982 1729 1035 Senectutem,
1767 979 2016 1028 Paradoxa
2038 986 2089 1028 et
2113 980 2365 1028 Somnium
2401 982 2539 1029 Cice-

554 1083 693 1136 ronis,
740 1081 822 1128 lib.
873 1086 916 1133 7.
999 1080 1142 1136 Item,
1195 1081 1681 1129 Commentariorium
1725 1081 1776 1128 in
1822 1085 2027 1141 quatuor
2072 1080 2217 1128 libros
2263 1082 2540 1142 apodixium

555 1181 768 1228 Euclidis
807 1196 893 1243 per
934 1180 1195 1228 Boethium
1235 1179 1488 1235 versorum,
1531 1181 1612 1227 lib.
1657 1182 1701 1226 4.
1793 1178 1936 1234 Item,
1977 1178 2445 1227 Commentariorum
2490 1180 2539 1225 in

551 1279 798 1342 epistolam
818 1280 932 1327 Divi
956 1280 1228 1328 Hieronimi
1251 1282 1386 1343 cujus
1409 1282 1603 1328 initium
1625 1276 1695 1326 est
1724 1285 1750 1304 ‘⁶
1767 1278 1935 1326 Frater
1957 1276 2277 1334 Ambrofius,”
2295 1294 2406 1327 cum
2431 1285 2544 1340 typo

555 1381 766 1427 locorum
791 1380 890 1427 illic
909 1386 1261 1435 contentorum,
1277 1380 1359 1428 lib.
1384 1385 1424 1426 1.
1484 1379 1625 1435 Item,
1643 1378 2049 1441 Peregrinationis
2073 1379 2170 1424 divi
2190 1378 2328 1427 Pauli
2351 1395 2411 1426 ex
2431 1380 2545 1426 affis

554 1477 895 1540 Apostolorum
929 1480 1125 1541 pictura,
1150 1478 1251 1538 (lib.
1281 1482 1343 1540 1.)
1418 1478 1559 1534 Item,
1585 1477 1970 1526 periclitationes
1992 1478 2231 1526 humanae
2255 1479 2383 1526 vitae
2418 1479 2545 1524 inter

559 1581 762 1625 virtutes
797 1584 847 1625 et
883 1580 1012 1632 vitia,
1047 1578 1130 1625 lib.
1161 1583 1206 1625 ⁶2.
1292 1575 1434 1633 Item,
1471 1578 1548 1626 De
1581 1578 1750 1625 mundi
1784 1579 2074 1624 aeternitate
2107 1576 2328 1624 adversus
2362 1576 2546 1624 Aristo-

562 1678 723 1732 telem,
760 1678 840 1724 lib.
877 1683 918 1724 1.
987 1678 1130 1733 Item,
1167 1677 1534 1725 Proverbiorum
1569 1678 1849 1731 centuriam,
1891 1676 1972 1723 lib.
2021 1681 2063 1722 1.
2145 1676 2287 1731 Item,
2327 1675 2546 1738 Triplicis

562 1778 610 1822 in
651 1778 857 1837 primum
901 1775 1137 1838 psalmum
1177 1778 1502 1831 enarrationis,
1550 1776 1631 1823 lib.
1682 1779 1724 1822 1.
1827 1774 1969 1831 Item,
2017 1774 2094 1822 De
2139 1776 2267 1823 re&a
2310 1774 2545 1823 sacrarum

565 1876 809 1922 literarum
850 1877 1261 1936 interpretatione,
1303 1876 1384 1923 lib.
1430 1880 1472 1921 1.
1558 1875 1700 1931 Item,
1742 1875 2209 1922 Commentariorum
2250 1876 2300 1921 in
2341 1875 2546 1923 Paulum

560 1971 754 2029 Rofl'eti,
786 1955 871 2021 lib.
913 1975 954 2021 6.
1024 1974 1167 2029 Item,
1203 1973 1493 2037 Apologiam
1529 1972 1750 2021 adversus
1785 1974 1945 2021 futilia
1980 1974 2322 2036 astrologorum
2349 1975 2545 2036 judic-ia,

562 2073 643 2119 lib.
685 2077 724 2118 1.
812 2072 954 2127 Item,
990 2072 1380 2121 Annotationum
1416 2075 1467 2120 in
1504 2080 1711 2134 quatuor
1748 2074 1893 2121 libros
1931 2071 2151 2135 Magistri
2187 2072 2545 2127 sententiarum,

561 2172 644 2218 lib.
683 2171 872 2218 4.—De
908 2172 981 2218 his
1015 2171 1123 2233 plus
1157 2171 1282 2220 satis.

632 2470 778 2517 Nunc
801 2470 1102 2517 redeundum
1125 2467 1196 2517 est
1219 2470 1357 2517 nobis
1379 2471 1439 2517 ad
1463 2471 1645 2517 domini
1681 2470 1884 2517 Roberti
1919 2470 2045 2518 Reid
2080 2471 2266 2520 abbatis
2297 2488 2326 2519 a
2359 2471 2547 2533 Kynlos

563 2571 754 2631 egregia
786 2569 923 2616 fabia.

628 2666 766 2715 Obiit
798 2665 883 2715 sub
916 2668 1008 2715 hoc
1042 2668 1217 2715 abbate
1258 2669 1478 2715 dominus
1520 2667 1757 2716 Patricius
1803 2668 1952 2716 laicus
1986 2670 2247 2719 monachus
2288 2675 2428 2726 1537,
2472 2672 2548 2719 die

565 2767 751 2813 decimo
785 2765 987 2828 septimo
1026 2766 1163 2821 Maii,
1204 2767 1264 2814 de
1298 2783 1393 2828 quo
1427 2765 1567 2828 supra
1599 2768 1649 2813 in
1683 2767 1756 2814 his
1790 2782 1914 2828 quae
1951 2766 2062 2816 sunt
2089 2769 2226 2817 nobis
2261 2770 2322 2817 de
2356 2771 2549 2818 domino

564 2866 746 2912 Thoma
790 2863 1050 2927 Chrystall·
1073 2864 1339 2926 conscripta
1383 2864 1532 2912 locuti
1577 2864 1752 2912 sumus.
1839 2866 1985 2912 Anno
2043 2866 2242 2915 Domini
2286 2872 2425 2923 1538,
2472 2869 2548 2914 die

564 2962 798 3010 tricefimo
823 2964 1006 3019 Martii,
1043 2964 1162 3011 obiit
1193 2964 1416 3010 dominus
1451 2963 1609 3011 David
1645 2963 1800 3025 Spens
1833 2966 1961 3026 prior
1993 2981 2021 3012 a
2054 2965 2257 3028 Kynlos,
2294 2969 2366 3014 vir
2398 2969 2549 3015 bonus

566 3070 617 3109 et
662 3065 797 3110 annis
842 3064 1025 3125 plenus.
1117 3062 1261 3112 Vixit
1305 3063 1384 3111 hic
1427 3063 1480 3110 in
1524 3062 1756 3126 religione
1800 3079 1950 3111 annos
1996 3066 2311 3129 quadraginta
2352 3065 2547 3128 septem,

569 3162 807 3208 decimum
841 3163 1063 3209 octavum
1086 3162 1332 3224 attingens
1367 3176 1477 3209 cum
1510 3167 1699 3210 creatus
1733 3160 1803 3209 est
1835 3164 2111 3212 monachus.
2179 3164 2437 3213 Laboravit
2471 3165 2547 3213 hic

568 3261 639 3306 vir
672 3274 782 3306 cum
818 3259 945 3306 senio
979 3267 1085 3307 tum
1124 3260 1291 3307 morbo
1324 3256 1592 3322 graviffimo
1626 3267 1678 3308 et
1712 3263 1940 3309 continuo
1974 3278 2004 3309 a
2035 3264 2189 3323 primo
2222 3263 2300 3311 die
2336 3262 2552 3311 Novem-
