2938 3762
598 454 657 495 58
1230 447 1560 495 HISTORIA
1597 448 1938 496 ABBATUM

597 581 990 626 commentarium
1025 579 1287 625 mittamus.
1357 578 1415 624 In
1452 578 1717 639 praesentia
1750 587 1913 627 tamen
1950 596 2046 626 non
2081 582 2298 642 ineptum
2323 580 2471 628 visum
2501 582 2571 630 est

597 675 855 732 confilium,
890 674 925 722 fi
959 683 1151 723 tuorum
1186 678 1236 722 in
1273 673 1604 724 constituendo
1638 677 1925 726 monasterio
1948 695 1976 726 a
1999 678 2188 741 Kynlos
2219 680 2436 727 laborum
2466 687 2572 727 toto

596 784 681 824 tuo
705 774 917 830 decursu,
951 776 1083 822 brevi
1118 781 1168 822 et
1192 775 1505 823 tumultuario
1529 778 1811 838 compendio
1835 778 2185 825 immortalitati
2210 777 2463 839 (quantum
2487 794 2573 840 per

594 891 672 922 me
693 875 796 921 fieri
817 873 992 936 potest)
1018 872 1352 921 consecrarem.
1413 874 1672 938 Indignum
1695 874 1806 923 sane
1829 877 2025 932 facinus,
2050 874 2084 923 fi
2107 879 2158 924 in
2181 884 2319 925 tanta
2340 878 2572 924 bonorum

596 972 855 1020 studiorum
895 988 1024 1020 nunc
1063 973 1183 1027 luce,
1224 970 1478 1019 illustrium
1513 975 1721 1020 virorum
1760 972 1892 1037 gesta
1940 981 1990 1021 et
2030 976 2281 1038 magnifice
2321 976 2445 1024 fa&a
2488 992 2574 1038 per

594 1071 891 1120 oscitantiam
914 1071 1245 1120 obliterentur.
1293 1071 1426 1127 Quot
1448 1078 1589 1133 putat
1607 1072 1722 1119 olim
1742 1072 2034 1120 Reverentia
2050 1079 2136 1121 tua
2151 1090 2249 1120 non
2271 1073 2423 1121 solum
2447 1077 2571 1136 apud

594 1178 798 1227 exteros,
820 1170 902 1218 sed
935 1172 1083 1218 etiam
1107 1172 1158 1217 in
1182 1169 1346 1217 Scotia
1368 1172 1492 1217 viros
1522 1171 1833 1233 percelebres,
1870 1170 2125 1234 episcopos,
2161 1174 2373 1229 abbates,
2402 1181 2453 1221 et
2486 1175 2574 1221 hu-

583 1270 793 1333 jusmodi
826 1268 973 1326 fuiffe,
1009 1270 1307 1333 egregiorum
1342 1284 1539 1331 operum
1563 1271 1800 1326 authores,
1837 1286 2038 1331 quorum
2061 1273 2269 1328 nomina,
2293 1271 2573 1335 scriptorum

591 1371 780 1434 ignavia
801 1370 879 1417 vel
911 1370 1072 1431 potius
1106 1370 1330 1423 carentia,
1364 1369 1668 1431 ignorantur!
1716 1369 1969 1417 Probabile
1992 1368 2075 1425 est,
2103 1372 2194 1418 hoc
2217 1378 2356 1419 tuum
2391 1372 2575 1420 monas-

592 1471 767 1516 terium
795 1469 855 1515 ab
878 1469 1015 1515 initio
1038 1483 1124 1530 per
1157 1474 1231 1514 tot
1266 1466 1424 1515 secula
1446 1483 1556 1514 cum
1590 1469 1848 1515 monachos
1871 1475 1977 1515 tum
2001 1470 2198 1517 abbates
2233 1469 2573 1519 laudatiffimos

591 1565 828 1615 habuisse:
869 1574 920 1614 et
942 1573 1105 1614 tamen
1127 1582 1257 1614 nunc
1279 1568 1361 1613 vix
1383 1567 1614 1613 abbatum
1635 1564 1719 1613 sex
1741 1568 1937 1614 nomina
1958 1569 2050 1615 rite
2071 1570 2265 1615 tenetis.
2327 1569 2483 1617 Tanta
2504 1570 2574 1617 est

593 1668 819 1729 temporis
843 1663 1109 1713 viciffitudo
1131 1671 1189 1712 ut
1210 1680 1413 1727 magnae
1436 1667 1582 1712 etiam
1617 1665 1831 1713 locorum
1853 1664 2113 1714 struQurae
2136 1683 2313 1715 nomen
2335 1666 2573 1716 clariffimi

591 1768 678 1813 viri
701 1767 752 1813 in
773 1765 957 1827 aliquot
988 1763 1148 1812 secula
1169 1764 1379 1826 proferre
1401 1779 1499 1810 non
1522 1764 1728 1811 valeant.
1795 1764 2030 1827 Tempore
2058 1765 2355 1828 sepeliuntur
2375 1769 2575 1829 imperia

592 1873 642 1912 et
665 1881 824 1928 regna,
855 1862 1086 1911 immensa
1106 1862 1475 1926 propugnacula,
1511 1864 1732 1909 civitates
1755 1861 2078 1925 ampliffimae,
2114 1862 2347 1912 stru&ura
2367 1867 2574 1914 mirabili

593 1948 806 2012 excitata
825 1963 1019 2024 templa,
1044 1968 1094 2009 et
1117 1962 1233 2023 quid
1254 1962 1385 2008 non?
1455 1961 1593 2008 Nihil
1616 1959 1687 2008 est
1708 1968 1809 2009 tam
1833 1961 2095 2023 operosum,
2118 1970 2176 2010 ut
2198 1970 2469 2025 temporum
2504 1967 2576 2012 in-

584 2065 714 2126 juria
745 2063 999 2123 aliquando
1033 2077 1130 2107 non
1164 2061 1398 2108 concidat.
1484 2060 1655 2107 Solum
1686 2060 1932 2108 literarum
1966 2062 2254 2109 beneficium
2287 2065 2358 2110 ita
2390 2065 2440 2110 in
2474 2063 2576 2126 pos-

593 2172 721 2210 teros
742 2161 989 2224 propagari
1012 2157 1179 2221 potest,
1215 2165 1273 2206 ut
1305 2173 1566 2220 nunquam,
1599 2174 1720 2220 quae
1754 2158 1865 2206 sunt
1886 2159 2087 2222 alicujus
2108 2163 2356 2217 momenti,
2381 2169 2576 2211 aeterna

592 2262 832 2309 oblivione
853 2261 1194 2322 opprimantur.
1264 2258 1459 2314 Quanta
1478 2255 1639 2305 statim
1661 2259 1723 2305 ab
1745 2260 1861 2306 orbe
1894 2259 2089 2306 condito
2122 2276 2209 2321 per
2245 2275 2438 2308 omnem
2461 2278 2577 2324 gen-

592 2368 694 2408 tem
716 2359 968 2422 magnifice
990 2356 1122 2421 gesta
1143 2363 1390 2404 tenemus:
1426 2371 1561 2418 quae,
1581 2355 1679 2404 fine
1702 2357 1867 2413 literis,
1891 2358 2190 2420 ignoratione
2212 2365 2445 2421 perpetua
2465 2376 2578 2408 con-

593 2457 903 2521 tegerentur}
973 2456 1163 2511 Literis,
1198 2461 1339 2502 vetus
1364 2471 1421 2503 ac
1455 2469 1579 2502 nova
1611 2455 1879 2501 divinarum
1914 2470 2073 2502 rerum
2107 2454 2301 2503 historia
2332 2457 2580 2520 invulgata

595 2555 677 2612 est,
701 2554 989 2604 constitutae
1010 2553 1303 2617 respublicae
1318 2559 1372 2602 et
1387 2553 1648 2616 multiplex
1669 2551 1994 2615 religiosorum
2017 2554 2266 2601 hominum
2289 2553 2575 2603 institutum.

597 2657 717 2712 Quis
734 2671 831 2702 non
853 2657 1054 2702 miretur
1075 2655 1173 2701 divi
1196 2653 1481 2715 Hieronymi
1502 2654 1590 2708 tui,
1615 2658 1666 2699 et
1690 2657 1986 2699 caeterorum
2008 2658 2199 2714 patrum
2217 2654 2352 2701 118.αὲ
2397 2654 2470 2702 At
2486 2656 2576 2702 hoc

595 2755 747 2817 ipsum
778 2752 878 2801 fine
912 2753 1062 2800 literis
1095 2750 1326 2813 nusquam
1357 2750 1611 2799 constaret.
1680 2750 1796 2797 Non
1830 2756 2022 2798 tantum
2055 2753 2202 2814 igitur
2235 2752 2458 2808 humana,
2495 2753 2576 2801 sed

596 2856 757 2901 divina
801 2867 1002 2914 quoque,
1047 2866 1111 2898 ne
1155 2849 1345 2911 quando
1388 2849 1640 2911 perfluant,
1686 2849 1932 2896 literarum
1977 2850 2209 2897 beneficio
2254 2853 2574 2899 continentur.

598 2954 705 3001 Hac
722 2953 906 2999 ratione
926 2955 1174 3013 permotus
1195 2964 1301 3012 ego,
1325 2950 1376 2995 in
1398 2954 1512 2995 tuae
1535 2948 1727 2994 virtutis
1750 2949 2215 2996 commendationem
2238 2965 2481 3011 nunquam
2506 2952 2577 2996 in-

598 3052 952 3099 termorituram
986 3049 1099 3097 huic
1137 3048 1357 3111 perbrevi
1391 3047 1735 3094 commentario
1769 3061 1966 3093 manum
1999 3048 2204 3094 admovi.
2272 3048 2415 3103 Quod
2439 3045 2473 3093 fi
2507 3047 2577 3095 est

597 3148 878 3211 hujusmodi,
912 3154 970 3195 ut
1002 3153 1211 3195 aetatem
1235 3146 1456 3208 perferre,
1494 3151 1544 3192 et
1567 3145 1866 3192 literatorum
1882 3145 2065 3206 judicia
2085 3142 2253 3206 poffit;
2288 3147 2339 3192 in
2361 3161 2576 3192 meorum

600 3248 844 3296 cumulum
859 3248 1107 3302 bonorum,
1121 3253 1173 3293 et
1186 3246 1311 3293 hanc
1328 3246 1506 3307 ingenii
1524 3244 1885 3305 praecipitatem
1901 3245 2134 3291 foeturam
2149 3245 2579 3301 adnumeraverim3
