2938 3762
546 443 607 485 32
1181 433 1505 481 HISTORIA
1543 432 1886 480 ABBATUM

550 569 702 614 officio
725 567 872 613 Prior.
941 564 1038 612 Hic
1059 564 1270 611 Joannes
1292 563 1460 610 Tellen
1484 565 1602 610 emit
1636 561 1842 611 casulam
1874 564 2037 610 viretis
2073 560 2189 625 byffi
2213 578 2335 625 quae
2359 564 2518 611 nostro

552 674 766 726 tempore
799 664 952 711 adhuc
987 659 1163 709 visitur.
1234 661 1367 708 Emit
1390 668 1440 708 et
1475 663 1591 709 duas
1625 662 1807 723 phialas
1834 668 2098 724 argenteas,
2133 661 2333 709 calicem
2365 678 2516 709 unum

550 770 842 825 argenteum,
865 776 1073 821 auroque
1096 758 1423 815 incrustatum,
1448 761 1507 807 ad
1530 759 1757 807 sacellum
1781 760 1831 807 S.
1852 759 1998 815 Petri,
2024 766 2075 807 et
2091 760 2296 808 alterum
2317 760 2378 807 St·
2404 760 2524 807 Cru-

550 863 629 916 cis,
654 875 761 907 cum
779 858 936 919 casula
952 875 964 914 ;
989 859 1103 906 tulit
1118 865 1168 905 et
1186 858 1235 905 S.
1254 858 1385 905 Petri
1409 858 1637 906 tabellam
1656 859 1854 905 minime
1873 860 2288 906 contemnendam.
2336 858 2524 906 Habuit

555 961 629 1005 hic
654 959 821 1005 fratres
842 973 1092 1020 germanos
1114 957 1352 1004 Joannem
1376 955 1551 1004 Tellen
1575 958 1730 1004 virum
1754 957 1943 1012 laicum,
1976 964 2026 1004 et
2059 956 2337 1020 magistrum
2370 958 2526 1005 David

554 1057 720 1103 Tellen
753 1054 1056 1110 sacerdotem,
1093 1071 1293 1116 quorum
1317 1053 1410 1103 ossa
1432 1058 1482 1102 in
1506 1053 1708 1103 claustro
1727 1056 1894 1117 jacent
1917 1057 2044 1102 inter
2075 1054 2240 1103 sedilia
2260 1054 2347 1103 sub
2371 1056 2528 1117 lapide

555 1154 750 1217 signato·
819 1154 966 1201 Fama
989 1154 1059 1200 est
1082 1155 1282 1201 duorum
1307 1155 1507 1201 fratrum
1534 1154 1761 1215 suppetiis
1785 1160 1923 1201 tanta
1945 1153 2087 1216 egisse
2112 1155 2359 1201 dominum
2383 1155 2414 1201 J
2418 1171 2529 1201 oan-

555 1269 666 1299 nem
683 1252 851 1299 Tellen
866 1253 1150 1299 monachum
1169 1259 1313 1313 atque
1328 1250 1551 1299 excitasse
1568 1258 1767 1314 pontem
1786 1259 1899 1299 ante
1917 1259 2103 1314 portam
2118 1269 2147 1300 a
2164 1252 2365 1315 Kynlos‚
2385 1270 2527 1314 quem

557 1368 708 1413 nuper
724 1351 978 1398 demolitus
1002 1350 1084 1405 est,
1108 1351 1313 1397 Thomas
1332 1351 1498 1398 Abbas
1521 1351 1648 1397 illius
1672 1352 1764 1398 loci
1787 1350 2039 1412 subjiciens
2062 1351 2452 1413 praestantiorem
2478 1359 2528 1398 et

557 1451 777 1511 lapidem.
830 1450 927 1498 Sed
937 1451 1038 1510 jam
1057 1451 1116 1497 ad
1135 1450 1378 1497 Abbatem
1395 1449 1427 1495 J
1430 1451 1630 1496 acobum
1649 1450 1871 1511 Guthery
1883 1457 2109 1497 revertor.
2158 1450 2271 1497 Fuit
2290 1453 2329 1498 is
2348 1452 2530 1498 theolo-

555 1551 662 1611 giae
695 1549 1039 1596 Baccalaureus
1057 1565 1152 1594 non
1176 1547 1478 1610 spernendus.
1537 1548 1639 1595 Sub
1657 1549 1847 1595 initium
1866 1547 1977 1595 suae
1994 1547 2427 1604 administrationis,
2446 1552 2527 1596 ubi

559 1646 820 1694 offendisset
837 1648 1101 1709 complures
1126 1648 1304 1708 lapides
1327 1648 1579 1707 quadratos
1604 1663 1747 1708 opera
1768 1647 1838 1693 sui
1861 1646 2235 1708 praedecessoris,
2266 1651 2449 1696 curavit
2474 1667 2530 1696 ea

559 1746 797 1794 absolvere
816 1763 935 1808 quae
961 1748 1183 1800 inchoata
1204 1753 1394 1794 tantum
1418 1747 1715 1793 videbantur.
1784 1746 1861 1793 Ac
1878 1748 2084 1807 primum
2105 1750 2323 1794 extruxit
2350 1755 2529 1795 turrem

560 1861 893 1907 campanarum
916 1847 993 1893 cui
1009 1844 1247 1906 supposuit
1264 1846 1670 1907 contignationem
1688 1845 1943 1905 pyramidis
1960 1846 2011 1892 in
2029 1861 2212 1893 morem
2230 1854 2286 1894 ut
2303 1847 2530 1908 spe&abi-

560 1945 655 1991 lem
674 1946 741 1991 ita
762 1946 959 1991 minime
976 1945 1278 2005 probandam,
1293 1941 1329 1989 fi
1346 1946 1537 2005 propius
1555 1959 1656 1990 rem
1672 1950 1825 1990 totam
1844 1943 2109 2006 cognoscas,
2135 1961 2244 1992 cum
2263 1949 2406 1993 turris
2423 1949 2530 1994 fun-

562 2044 784 2089 damenta
797 2040 888 2088 fint
902 2050 1105 2102 quatuor
1120 2043 1353 2089 duntaxat
1367 2043 1616 2089 columnae
1632 2058 1643 2097 ;
1667 2057 1967 2103 nequaquam
1981 2045 2168 2104 probari
2184 2046 2329 2092 debet
2343 2053 2527 2094 tantam

562 2139 652 2187 esse
684 2139 1040 2202 superinjectam
1074 2141 1250 2187 molem
1284 2147 1383 2187 tam
1419 2142 1562 2187 debili
1597 2139 1707 2188 basi.
1777 2140 1873 2187 Sed
1908 2142 2031 2188 forte
2065 2145 2237 2189 mirum
2262 2146 2410 2191 videri
2435 2162 2530 2192 non

564 2241 707 2286 debet
731 2241 819 2286 hoc
842 2241 1024 2286 facinus
1047 2242 1096 2285 in
1120 2255 1260 2286 caeco
1283 2240 1475 2286 homine
1510 2247 1559 2286 et
1593 2242 1674 2301 qui
1709 2240 1827 2286 nihil
1862 2243 1996 2287 novit
2030 2243 2384 2290 architeaurae.
2455 2245 2534 2292 Ita

566 2341 664 2400 egit
688 2341 737 2384 in
760 2338 1056 2385 calefa&orio
1075 2336 1420 2392 constituendo,
1439 2339 1712 2398 relinquens
1730 2346 1942 2385 veterem
1958 2337 2345 2401 designationem,
2364 2359 2485 2403 quae
2503 2361 2531 2391 a

566 2444 698 2499 tergo
722 2439 890 2484 domus
912 2437 1066 2484 adhuc
1089 2435 1385 2497 conspicitur,
1410 2443 1460 2483 et
1484 2435 1704 2499 augustas
1728 2439 1869 2484 aedes
1891 2453 2085 2499 ponens.
2156 2439 2206 2485 N
2209 2456 2270 2486 on
2294 2441 2415 2488 alius
2438 2444 2530 2490 fuit

566 2538 616 2581 in
639 2536 891 2582 excitanda
923 2537 1063 2581 domo
1098 2536 1178 2581 ubi
1213 2551 1341 2582 nunc
1365 2542 1622 2596 operantur
1645 2537 1761 2582 fabri
1787 2536 1972 2598 lignarii
2004 2544 2088 2584 aut
2120 2538 2401 2600 hujusmodi.
2473 2543 2530 2588 In

568 2633 808 2690 struQuris
842 2634 935 2680 illis
958 2649 1068 2679 cum
1103 2631 1311 2679 deessent
1344 2634 1454 2679 huic
1488 2634 1669 2680 homini
1703 2636 1948 2695 pecuniae,
1973 2634 2192 2685 distra&a
2214 2637 2323 2685 sunt
2357 2655 2532 2702 organa

569 2749 688 2793 quae
724 2748 850 2779 nunc
890 2734 939 2778 in
975 2732 1163 2778 Forress
1198 2730 1410 2777 visuntur
1449 2739 1499 2777 et
1538 2732 1820 2778 malluvium
1861 2749 1970 2779 cum
2003 2738 2253 2796 gutturnio
2287 2742 2532 2800 argenteio

569 2831 766 2877 ,loannis
790 2830 929 2877 Elem
953 2845 1074 2890 quae
1097 2845 1223 2876 nunc
1247 2829 1483 2876 habentur
1510 2831 1559 2875 in
1585 2830 1929 2886 Dumfermile;
1954 2832 2232 2881 vendidisset
2250 2843 2300 2882 et
2318 2838 2531 2884 tabulam

572 2928 800 2991 insignem
840 2929 1028 2989 majoris
1067 2944 1188 2982 arae,
1235 2925 1319 2973 nisi
1365 2925 1647 2974 obstitissent
1692 2937 2008 2991 cognomento
2050 2931 2222 2988 Ellem‚
2263 2936 2464 2982 vicarius
2503 2954 2532 2983 a

574 3027 746 3088 Spyne,
771 3034 821 3073 et
843 3028 1043 3074 vicarius
1065 3026 1187 3073 alter
1221 3027 1270 3071 in
1295 3025 1465 3087 Elgyn.
1535 3023 1647 3071 Post
1680 3027 1861 3087 aliquot
1886 3044 1996 3075 vero
2030 3046 2179 3077 annos
2201 3030 2310 3079 suae
2333 3034 2532 3081 admini-

573 3123 808 3171 strationis
830 3123 995 3186 selegit
1017 3123 1341 3171 succentorem
1367 3124 1613 3171 Moraviae
1637 3124 1935 3173 Gulielmum
1959 3127 2193 3175 Galbreth
2228 3131 2277 3175 in
2310 3130 2534 3179 successo·
2572 3134 2578 3138 ”

575 3237 689 3275 rem,
713 3221 790 3268 sed
815 3221 889 3280 (ut
912 3224 1071 3282 audio)
1096 3221 1372 3283 symoniace.
1433 3222 1578 3278 Nam,
1602 3222 1822 3271 simulato
1846 3224 1987 3280 senio,
2012 3224 2204 3281 corrasit
2221 3243 2283 3275 ex
2298 3228 2530 3278 Galbreth
