2938 3762
548 431 606 475 40
1173 425 1506 474 HISTORIA
1542 425 1887 473 ABBATUM

547 573 702 605 mores
741 556 1004 620 agnoscere,
1044 557 1205 603 addidi
1239 572 1318 603 me
1354 555 1468 602 Mri.
1510 555 1712 603 Roberti
1754 556 1879 603 Reid
1914 558 2179 612 comitatui,
2220 559 2526 606 conciliatore

548 660 650 712 viz„
698 658 799 703 viro
837 655 967 703 scoto
1007 655 1222 702 Roberto
1268 655 1572 710 Richardino,
1619 656 1700 716 qui
1746 653 1968 718 exegefin
2014 657 2065 702 in
2110 655 2224 702 Divi
2270 655 2527 719 Augustini

547 756 759 819 regulam
805 751 1089 816 conscripsit.
1181 754 1274 801 His
1319 755 1482 815 itaque
1526 753 1742 815 auspiciis
1778 756 1828 801 in
1862 754 2075 802 Scotiam
2121 756 2268 811 veni;
2336 754 2417 802 sed
2468 756 2527 801 de

548 856 684 902 nobis
723 854 866 916 paulo
900 854 1110 900 inferius.
1181 853 1329 900 Nunc
1368 854 1428 900 ad
1470 852 1543 899 M.
1582 852 1851 899 Robertum
1891 853 2017 899 Reid
2055 855 2405 915 properandum
2444 852 2526 901 est.

550 955 751 1002 Solvens
787 952 988 999 Lutetia
1019 958 1248 1013 patronus
1274 953 1376 1012 jam
1413 949 1572 998 noster
1603 951 1747 1012 paulo
1780 948 1885 1013 post
1915 950 2087 1012 pascha
2120 951 2358 1014 Dieppam
2381 955 2526 1007 venit,

547 1055 642 1107 ubi,
677 1048 936 1099 transmisso
959 1052 1019 1098 ad
1044 1051 1230 1112 Reyam
1256 1051 1389 1105 mari,
1427 1049 1702 1096 Londinum
1736 1050 1974 1110 proselitus
2009 1047 2093 1105 est,
2129 1066 2184 1098 ac
2220 1051 2445 1113 deinceps
2479 1054 2527 1098 in

549 1152 760 1199 Scotiam
796 1157 846 1197 et
881 1152 931 1196 in
966 1149 1168 1211 Kynlos.
1257 1148 1360 1196 Sub
1405 1154 1705 1203 autumnum,
1753 1145 2024 1210 compositis
2065 1163 2175 1196 cum
2209 1146 2530 1211 precedeffore

549 1251 641 1297 suis
674 1251 832 1303 rebUS,
868 1265 929 1296 ex
961 1248 1150 1311 Kynlos
1186 1248 1518 1310 Edinburgum
1552 1248 1708 1302 rediit,
1745 1254 1796 1295 et
1830 1248 1928 1295 illic
1969 1249 2096 1311 apud
2132 1250 2338 1296 minores
2361 1250 2530 1296 fratres

550 1350 729 1395 domini
766 1349 941 1396 Gavini
976 1347 1195 1394 Dumbar
1227 1347 1613 1394 Aberdoniarum
1648 1346 1875 1408 praesulis
1914 1345 2176 1394 ministerio
2216 1349 2266 1394 in
2306 1349 2528 1395 abbatem

551 1449 772 1494 inun&us
797 1445 880 1494 est.
950 1444 1076 1498 Post,
1101 1447 1288 1493 rediens
1323 1447 1382 1492 ad
1416 1443 1770 1501 monasterium,
1806 1462 1867 1493 ex
1901 1462 2034 1494 more
2055 1445 2150 1502 suo,
2186 1454 2426 1494 conventu
2461 1446 2531 1494 est

552 1553 795 1606 exceptus,
843 1552 893 1592 et
932 1547 982 1592 in
1023 1545 1287 1606 capitulum
1327 1543 1563 1599 admifl'us,
1609 1553 1664 1591 ut
1710 1545 1780 1599 fit,
1827 1547 2042 1591 omnium
2088 1552 2278 1607 patrum
2327 1561 2439 1608 erga
2482 1545 2530 1592 se

552 1649 875 1694 obedientiam
892 1645 1106 1708 suscepit.
1166 1645 1356 1692 Deinde
1374 1645 1525 1699 litem,
1543 1644 1779 1705 majorum
1799 1642 2048 1691 oscitantia
2066 1645 2286 1691 adversus
2304 1644 2531 1692 Forenses

552 1763 673 1808 pene
713 1747 987 1800 extinctam,
1029 1746 1089 1791 de
1129 1745 1332 1806 quadam
1373 1740 1647 1805 poffeffione
1680 1759 1709 1790 a
1742 1742 1969 1805 Burgyne
2010 1745 2251 1798 excitavit,
2294 1760 2349 1791 ac
2385 1746 2531 1791 etiam

553 1848 680 1900 vicit,
722 1861 832 1892 cum
866 1842 976 1906 ipfis
1011 1842 1322 1899 Forensibus;
1379 1844 1430 1889 in
1469 1858 1564 1903 qua
1609 1843 1831 1897 obtinuit,
1877 1844 2007 1890 recto
2043 1843 2240 1903 judicio,
2286 1844 2404 1891 duas
2449 1843 2530 1890 suo

552 1943 836 1992 monasterio
882 1945 1089 2006 cymbas.
1175 1915 1374 1990 Cdravit
1414 1943 1561 1989 etiam
1599 1957 1686 2003 per
1724 1941 1887 1989 literas
1926 1944 2078 2004 regias
2111 1959 2287 2005 pagum
2327 1942 2463 1989 suum
2503 1959 2531 1989 a

555 2046 794 2091 Finderne
835 2045 884 2090 in
923 2043 1168 2089 baroniam
1207 2042 1413 2104 burgum
1449 2039 1533 2100 (fic
1567 2040 1710 2104 vulgo
1745 2040 2026 2103 loquuntur)
2065 2043 2290 2103 cooptari.
2361 2042 2532 2103 Nuper

555 2159 743 2204 quoque
777 2143 1044 2203 portionem
1075 2139 1388 2201 piscationum
1411 2141 1553 2186 unius
1576 2140 1774 2200 cymbae
1797 2155 1939 2200 quam
1964 2141 2262 2202 occupabant
2286 2139 2528 2195 Forenses‚

555 2247 868 2289 annumerata
906 2241 1122 2301 operanti
1164 2240 1368 2299 quadam
1408 2239 1624 2299 pecunia,
1663 2239 1881 2286 redemit.
1973 2239 2075 2286 Sub
2115 2255 2295 2287 annum
2333 2239 2529 2286 Domini

560 2346 684 2388 1530
716 2341 902 2401 accepit
924 2341 974 2385 in
998 2339 1331 2386 commendam
1365 2335 1705 2384 monasterium
1727 2337 1925 2393 Belloci‚
1949 2339 1999 2384 in
2023 2354 2117 2399 quo
2140 2339 2295 2386 multa
2317 2341 2530 2400 quotidie

559 2441 703 2502 digna
724 2437 1000 2500 posteritate
1034 2438 1162 2485 facit.
1233 2436 1350 2484 Ibus
1382 2437 1472 2483 hoc
1507 2452 1632 2484 anno
1662 2441 1788 2489 1537
1822 2435 2023 2499 suscepit
2048 2438 2252 2499 juvenes
2286 2440 2336 2485 in
2369 2454 2532 2485 mona-

557 2539 751 2584 chatum
785 2538 1008 2598 quinque,
1045 2551 1162 2597 quos
1196 2536 1372 2596 adjecit
1405 2536 1590 2582 duobus
1613 2535 1718 2582 aliis
1751 2536 1894 2597 paulo
1918 2542 2031 2583 ante
2064 2553 2095 2584 a
2125 2535 2173 2583 se
2205 2539 2436 2599 receptis;
2477 2553 2530 2584 ac

558 2636 710 2682 indies
742 2642 878 2696 parat
911 2634 1092 2696 lapides
1125 2635 1185 2681 ad
1219 2634 1389 2695 templi
1424 2635 1525 2696 ejus
1558 2635 1651 2682 loci
1687 2634 1849 2695 (quem
1882 2641 2056 2683 vocant
2095 2638 2286 2698 navem)
2322 2635 2532 2684 constru-

560 2736 745 2781 endam.
815 2734 917 2782 Sub
951 2749 1130 2781 annum
1165 2740 1328 2780 autem
1370 2733 1565 2780 Domini
1606 2738 1747 2788 1533,
1793 2733 1953 2781 missus
1993 2733 2063 2782 est
2101 2736 2162 2783 ab
2200 2752 2312 2799 rege
2350 2736 2530 2784 Jacobo

559 2834 659 2893 ejus
682 2834 887 2880 nominis
927 2834 1095 2893 quinto
1128 2847 1225 2879 una
1257 2847 1368 2878 cum
1399 2831 1782 2880 Aberdoniarum
1815 2833 2029 2895 praesule
2063 2835 2254 2882 domino
2289 2835 2532 2884 Gulielmo

563 2932 743 2986 Stuart‚
779 2932 967 2994 legatus
1002 2932 1063 2978 ad
1100 2930 1367 2978 Henricum
1402 2932 1504 2992 ejus
1537 2933 1743 2978 nominis
1778 2933 1995 2979 octavum
2029 2932 2298 2996 Anglorum
2333 2934 2530 2996 Regem,

563 3045 647 3091 pro
679 3046 794 3091 pace
827 3031 1036 3078 ineunda
1067 3031 1196 3077 inter
1218 3029 1387 3076 Scotos
1410 3035 1461 3077 et
1483 3029 1698 3093 Anglos3
1736 3032 1863 3091 quod
1885 3033 2033 3079 etiam
2063 3032 2285 3079 obtinuit.
2354 3031 2533 3078 Rursus

566 3127 690 3174 solus
713 3130 771 3175 ad
796 3130 1000 3176 eundem
1024 3144 1186 3191 regem
1210 3126 1385 3184 missus,
1409 3126 1774 3190 auspicaciffime
1797 3145 1972 3177 munus
1989 3119 2124 3177 suu‘m
2147 3132 2344 3193 peregit.
2412 3130 2533 3177 Inde

568 3224 710 3273 semel
735 3234 876 3287 atque
904 3229 1079 3275 iterum
1114 3229 1174 3276 ab
1209 3227 1421 3275 Henrico
1454 3244 1566 3291 rege
1599 3217 1765 3276 multis
1799 3227 1918 3277 vafis
1951 3231 2188 3292 argenteis
2222 3230 2438 3281 donatus,
2473 3230 2533 3276 ad
