2938 3762
638 443 701 490 86
1221 436 1553 486 HISTORIA
1587 437 1680 486 DE
1714 435 2017 486 KYNLOS.

905 571 1105 619 Virtute
1128 566 1358 631 infignem
1386 568 1655 615 Robertum
1678 564 1844 630 fignat,
1868 574 1919 614 et
1942 568 2074 615 addit

971 668 1209 730 Imperio;
1244 669 1355 714 huic
1379 683 1492 715 cura
1515 663 1585 714 est
1606 666 1806 729 relligio,
1830 664 2053 712 studium.

907 766 1087 813 Nullus
1110 763 1215 828 post
1238 765 1410 828 Reges,
1426 765 1556 826 ja&a
1579 770 1630 811 et
1653 764 1932 811 fundamina
1953 762 2110 811 sacrae

970 865 1118 919 AEdis,
1143 866 1192 911 in
1215 865 1343 911 hunc
1367 861 1534 910 statuit
1558 863 1810 910 commoda
1831 862 1971 924 plura
1992 862 2164 910 locum.

906 963 950 1011 O
975 965 1178 1010 nimium
1202 963 1364 1010 faciles
1388 962 1580 1017 Parcae,
1601 976 1723 1021 quae
1747 961 2028 1023 abrumpere
2052 962 2201 1007 vitam

971 1062 1194 1116 Audetis,
1219 1063 1296 1109 cui
1320 1077 1404 1122 par
1427 1062 1586 1108 vivere
1610 1056 1734 1122 poss'e
1758 1060 1840 1106 diu
1864 1056 1946 1106 est.

908 1160 1007 1209 Sed
1030 1159 1202 1208 frustra
1223 1161 1439 1214 audetis;
1473 1159 1663 1207 coelum
1686 1157 1751 1206 fic
1773 1159 1973 1213 reddite,
1997 1159 2147 1206 vitam

974 1260 1069 1308 Pro
1091 1267 1247 1307 morte
1270 1271 1529 1314 aeternam,
1555 1258 1838 1319 dulciaquae
1861 1272 1974 1305 arva
1996 1258 2122 1305 date.

911 1358 1015 1406 Vos
1039 1360 1186 1407 etiam
1210 1357 1240 1405 ὂ
1263 1358 1450 1420 Superi,
1476 1357 1686 1404 vestrum
1710 1357 1956 1404 defendite
1979 1352 2193 1407 Μουσῆνε

974 1458 1199 1519 Accipite
1222 1458 1345 1504 hanc
1368 1458 1577 1504 animam
1599 1457 1792 1504 moenia
1812 1456 1863 1502 in
1886 1454 1997 1510 alta,
2022 1455 2203 1502 choros.

911 1556 1006 1604 Dia
1029 1556 1208 1604 Parens
1232 1556 1398 1618 Virgo,
1423 1556 1691 1602 extinctum
1713 1570 1776 1602 ne
1799 1554 1966 1616 sperne
1987 1552 2270 1607 ministrum,

978 1656 1133 1718 Saepe
1157 1657 1252 1702 tuis
1277 1655 1368 1702 aris
1392 1656 1517 1702 dona
1539 1654 1707 1702 sabaea
1729 1653 1859 1701 tulit.

914 1754 1017 1802 Vos
1041 1755 1223 1809 fratres,
1249 1754 1494 1801 cumulate
1517 1753 1607 1815 piis
1630 1753 1800 1801 altaria
1823 1753 1985 1800 donis:

980 1854 1145 1902 Dicite
1165 1852 1213 1900 ἰό
1234 1853 1263 1900 J
1269 1853 1416 1908 ESU,
1441 1851 1504 1900 fic
1529 1854 1653 1900 bene
1675 1853 1768 1900 erit
1791 1853 1952 1900 cineri.

1504 2065 1770 2111 ALTER.

918 2243 1212 2306 Chrystallae
1233 2245 1391 2306 gentis
1415 2244 1518 2291 laus
1541 2245 1763 2298 maxima,
1789 2245 1997 2290 maxima
2021 2243 2209 2305 Kynlos

981 2343 1110 2390 Cura
1132 2342 1369 2404 decusque
1391 2340 1545 2398 simul,
1569 2343 1792 2390 conditur
1814 2343 1904 2390 hoc
1928 2343 2129 2390 tumulo.

917 2441 1033 2489 Non
1057 2449 1221 2489 tamen
1242 2442 1320 2489 hic'
1344 2442 1560 2489 tumulus
1584 2447 1744 2489 totum
1767 2443 1922 2503 capit;
1957 2442 2109 2490 altera
2132 2448 2287 2490 terrae

984 2541 1101 2588 Pars
1124 2542 1267 2596 cedit,
1291 2541 1507 2602 coelique
1529 2541 1683 2589 altera
1703 2556 1851 2604 regna
1871 2540 2023 2589 subit:

917 2638 1074 2687 Sunto
1097 2640 1244 2702 igitur
1265 2639 1454 2687 tumulo
1477 2633 1764 2703 lachrymae>
1782 2640 1909 2688 bona
1931 2641 2087 2697 verba,
2110 2641 2390 2703 precesque3

985 2737 1067 2786 Sic
1090 2754 1175 2800 par
1197 2737 1268 2787 est
1289 2753 1456 2787 manes
1479 2741 1684 2788 condere
1706 2741 1799 2788 rite
1819 2741 1935 2802 pios,

663 2938 799 2987 Obiit
821 2951 947 2985 anno
968 2934 1079 2984 suae
1101 2937 1272 2984 aetatis
1295 2935 1598 3000 sexagesimo,
1620 2937 1822 3000 septimo
1845 2954 1903 2987 ea
1924 2939 2063 2987 nofite
2091 2954 2214 3005 quae
2247 2940 2457 3001 sequitur
2492 2956 2627 3001 quar-

663 3045 766 3084 tum
791 3035 1107 3085 Calendarum
1132 3035 1165 3083 J
1167 3037 1362 3093 unuani,
1386 3037 1502 3085 hora
1521 3052 1646 3099 pene
1671 3038 1926 3087 undecima
1949 3038 2184 3102 Strathily
2210 3043 2349 3086 1535.

1367 3251 1370 3254 ⁴
1462 3283 1556 3330 To
1593 3282 1833 3332 ΤΕΛοΣ.
