2938 3762
618 452 677 502 76
1243 446 1575 494 HISTORIA
1612 445 1956 495 ABBATUM

615 589 716 629 tam
741 578 1116 640 distinctamque.
1186 577 1245 625 In
1269 580 1430 640 cappis
1452 585 1617 626 autem
1642 579 1779 641 (quas
1797 581 1989 641 vocant)
2013 584 2201 640 praeter
2218 579 2349 626 illam
2372 579 2594 627 florulen-

614 688 715 729 tam
750 696 811 727 cx
845 695 960 727 auro
995 677 1157 725 textili
1192 678 1327 738 cujus
1354 678 1497 739 paulo
1532 685 1646 726 ante
1679 680 1978 726 mentionem
2013 679 2227 734 fecimus,
2266 678 2448 740 septem
2482 678 2596 725 alias

615 781 769 827 aureis
792 785 842 826 et
865 777 1186 839 hyacinthinis
1209 777 1301 823 filis
1324 778 1417 823 rite
1435 777 1810 838 quaquaversum
1834 779 2106 842 phrygiatas
2130 780 2180 825 in
2203 778 2339 825 suum
2362 776 2597 824 monaste-

613 881 735 925 rium
753 876 953 932 invexit,
978 892 1121 923 unam
1141 892 1202 923 ex
1227 875 1389 923 villosa
1406 883 1456 923 et
1474 874 1603 938 byfl'o
1627 879 1792 939 cyanei
1810 878 1993 932 coloris,
2009 879 2126 924 duas
2143 877 2311 924 itidem
2336 875 2523 923 villosas
2547 883 2596 924 et

614 975 816 1040 byssinas
843 978 1147 1040 nigricantes‚
1187 976 1389 1022 totidem
1425 991 1672 1037 porraceas
1707 978 1852 1024 etiam
1878 993 1938 1023 ex
1962 975 2105 1038 byfl'o,
2141 993 2195 1023 ac
2227 977 2343 1023 duas
2372 992 2433 1023 ex
2468 975 2594 1038 byfl'o

613 1077 824 1139 palmata
846 1083 897 1123 et
920 1076 1167 1123 undulata.
1249 1075 1474 1122 Proxime
1508 1076 1581 1122 his
1615 1077 1852 1124 accedunt
1883 1077 2005 1123 duae
2039 1077 2202 1138 nigrae
2237 1092 2299 1122 ex
2333 1074 2595 1123 semiserico

614 1192 813 1238 quarum
831 1176 942 1223 usus
957 1177 1006 1221 in
1029 1181 1329 1221 mortuorum
1348 1175 1606 1229 funeribuS,
1632 1181 1682 1221 et
1706 1175 2020 1222 litationibus.
2078 1174 2150 1222 Ac
2173 1190 2236 1221 ne
2251 1191 2336 1236 per
2352 1176 2595 1227 incuriam,

614 1276 775 1323 statim
816 1277 979 1337 inepte
1020 1275 1265 1321 tra&ando
1306 1289 1361 1321 ac
1402 1274 1681 1335 perturbate
1721 1276 2011 1330 deficerent3
2059 1276 2109 1320 in
2150 1275 2254 1321 loco
2294 1290 2379 1336 pro
2419 1275 2596 1321 foribus

615 1378 800 1424 sacrarii
824 1373 1073 1438 aptiffimo,
1109 1390 1267 1422 arcam
1302 1375 1511 1437 ligneam
1546 1375 1821 1436 quadrantis
1855 1375 1905 1420 in
1939 1389 2136 1429 morem,
2173 1375 2254 1421 ubi
2289 1390 2417 1421 nunc
2440 1373 2598 1435 hujus-

614 1476 746 1523 modi
763 1474 1055 1523 ass'ervantur
1071 1471 1239 1530 vestes,
1258 1474 1477 1520 fabricari
1499 1474 1628 1520 fecit.
1687 1473 1747 1519 In
1770 1470 1973 1520 fimilem
1991 1472 2141 1528 usum,
2166 1489 2251 1535 pro
2274 1472 2368 1520 suis
2391 1471 2597 1521 vestibus

616 1582 666 1621 et
690 1576 879 1629 tunicis,
904 1575 1022 1621 duos
1040 1574 1211 1620 abacos
1230 1572 1394 1635 (vulgo
1409 1571 1757 1619 conservatoria
1773 1574 2131 1634 nuncupantur)
2150 1573 2433 1634 perpulchre
2446 1571 2598 1634 sculp-

616 1681 703 1730 t08‚
728 1674 935 1721 alterum
959 1675 1009 1719 in
1032 1672 1115 1719 suo
1139 1672 1425 1727 ambulacro,
1452 1673 1499 1718 in
1525 1672 1744 1718 cubiculo
1766 1671 1851 1718 suo
1874 1672 2080 1718 alterum
2104 1671 2381 1734 composuit.

683 1773 791 1821 Nec
815 1775 974 1819 minus
1005 1778 1255 1819 accuratus
1279 1772 1371 1818 fuit
1395 1773 1445 1817 in
1469 1772 1681 1817 ornanda
1716 1768 1914 1818 ecclesia
1936 1769 2019 1817 sua
2041 1772 2101 1817 ab
2125 1770 2311 1825 Ellone,
2336 1773 2412 1818 cui
2435 1787 2597 1833 parem

616 1873 829 1920 tabulam
863 1873 1060 1934 pi&oria
1094 1877 1144 1917 et
1178 1869 1405 1917 statuaria
1440 1876 1543 1917 arte
1579 1871 1854 1916 deauratam
1884 1885 1993 1916 cum
2029 1870 2114 1917 illa
2136 1870 2318 1917 Beatae
2343 1870 2518 1917 Matris
2549 1878 2598 1917 et

619 1953 833 2035 Virginis
846 1972 982 2033 apud
1007 1970 1194 2032 Kynlos
1219 1971 1278 2016 de
1301 1985 1396 2030 qua
1417 1969 1561 2031 paulo
1585 1975 1699 2016 ante
1716 1967 1877 2015 sumus
1902 1969 2064 2024 locuti,
2089 1969 2311 2016 contulit.
2367 1969 2599 2017 Restituit

619 2086 807 2132 quoque
839 2071 937 2117 illic
967 2071 1121 2130 majus
1155 2070 1305 2116 altare
1340 2069 1558 2115 tabulato
1594 2070 1676 2115 ubi
1712 2074 1762 2114 et
1797 2069 1935 2115 divae
1971 2068 2145 2115 Annae
2180 2066 2383 2115 statuam
2419 2071 2599 2123 erexit3

619 2172 898 2232 paravitque
932 2185 1056 2216 nova
1079 2171 1128 2215 in
1164 2169 1308 2215 choro
1342 2166 1591 2222 subsellia3
1628 2174 1678 2214 et
1713 2165 1866 2213 vestes
1902 2168 1962 2213 ad
1996 2182 2098 2213 rem
2120 2165 2298 2214 sacram
2335 2168 2598 2215 faciendam

620 2278 731 2324 tres,
756 2268 960 2316 casulam
985 2269 1210 2315 videlicet
1237 2283 1298 2314 ex
1334 2263 1461 2328 byfl'o
1495 2266 1718 2327 palmata,
1743 2267 1860 2313 duas
1884 2266 2175 2321 dalmaticas,
2201 2282 2312 2313 cum
2335 2267 2455 2314 albis
2479 2274 2529 2314 et
2552 2269 2601 2314 id

620 2384 771 2431 genus
793 2368 1000 2429 reliquis,
1037 2364 1355 2414 liberaliffime
1380 2372 1637 2427 coemptas,
1666 2365 1877 2412 tradidit.
1949 2363 2111 2411 Posuit
2136 2372 2186 2412 et
2209 2368 2259 2412 in
2282 2365 2453 2413 sacello
2476 2368 2601 2428 apud

622 2468 870 2530 Strathily,
894 2483 991 2514 non
1016 2466 1418 2514 contemnendam
1445 2465 1600 2512 Divae
1624 2465 1841 2527 Virginis
1864 2470 1914 2511 et
1940 2464 2116 2512 Matris
2139 2467 2189 2511 in
2213 2465 2309 2512 sole
2332 2464 2552 2514 statuam.

687 2567 769 2615 Ad
814 2566 951 2614 usum
995 2574 1243 2628 praeterea
1281 2564 1392 2612 suae
1432 2565 1654 2620 familiae,
1697 2571 1876 2618 cratem
1917 2565 2119 2611 ferream
2159 2564 2321 2628 (vulgo
2362 2567 2602 2612 caminum

621 2668 807 2727 dicunt)
843 2667 1224 2728 offingentorum
1259 2666 1430 2726 pond0,
1467 2666 1586 2711 duos
1620 2665 1819 2711 cacabos
1848 2664 2055 2710 aheneos
2089 2665 2148 2710 ad
2185 2662 2455 2711 cerevisiam
2492 2680 2603 2711 con-

620 2767 885 2821 ficiendam,
910 2763 1020 2813 vasa
1041 2763 1239 2812 stannea
1259 2764 1601 2825 multiplicium
1625 2764 1884 2810 formarum
1909 2764 2118 2810 ducenta
2140 2779 2201 2810 ex
2220 2762 2413 2826 Anglia,
2437 2770 2488 2810 et
2510 2764 2603 2810 alia

620 2867 776 2912 multa
797 2867 847 2911 in
871 2864 1007 2911 usum
1031 2865 1375 2925 quotidianum,
1400 2862 1600 2909 le&ulos
1633 2862 1851 2923 plumeos
1884 2863 2231 2924 quinquaginta
2264 2877 2374 2909 cum
2408 2863 2601 2923 reliquis

622 2981 786 3011 eorum
821 2964 1175 3026 appendicibus,
1211 2969 1262 3010 et
1291 2963 1351 3010 ad
1386 2962 1669 3023 integendos
1700 2961 1847 3007 le&os
1870 2962 1975 3007 ofito
2000 2966 2051 3007 et
2074 2962 2244 3023 viginti
2274 2959 2602 3023 peristromata

624 3065 785 3126 (vulgo
809 3063 1119 3125 arresbeddis)
1145 3059 1403 3116 leaiffima,
1442 3062 1537 3107 duo
1571 3061 1839 3121 pulvinaria
1871 3061 2006 3122 nigra
2039 3076 2100 3106 ex
2124 3057 2305 3108 villoss'a
2325 3030 2467 3121 byfl'o:
2492 3075 2601 3106 cum

623 3169 827 3223 quatuor
854 3170 904 3210 et
929 3163 1098 3225 viginti
1122 3163 1226 3209 aliis
1250 3177 1394 3223 opere
1415 3160 1650 3222 plumario
1676 3158 1869 3218 (Graeci
1893 3160 2061 3206 dicunt
2084 3176 2113 3206 a
2135 3159 2352 3206 liciorum
2369 3159 2600 3204 varietate

622 3261 876 3322 multiplici
900 3262 1276 3324 polymitarium)
1300 3261 1485 3322 paravit
1508 3274 1607 3306 non
1631 3274 1776 3320 parva
1798 3259 2001 3320 pecunia
2021 3257 2105 3305 sua
2127 3255 2425 3304 monasterio.
