2938 3762
963 461 1405 509 MONASTERII
1439 463 1487 509 A
1525 463 1819 511 KYNLOS.
2299 475 2351 514 31

405 595 689 648 praeventus
707 595 861 636 morte
878 591 1153 638 inchoatum
1172 608 1288 654 opus
1306 591 1543 640 suecefl'ori
1567 593 1986 641 consummandum
2003 594 2205 654 reliquit.
2260 596 2359 642 Sub

406 687 495 732 hoo
520 687 715 734 Abbate
739 689 860 734 vixit
883 689 1030 735 laicus
1054 691 1244 750 quidam
1278 693 1548 746 monachus,
1583 694 1658 738 eui
1692 707 1866 738 nomen
1899 693 1990 738 fuit
2020 691 2215 754 Hugoni
2238 693 2358 740 Bell.

406 784 565 846 Hujus
586 787 674 831 viri
692 801 834 847 opera
855 788 1041 834 inmota
1063 786 1132 834 est
1153 789 1307 850 imago
1330 787 1559 850 sculptilis
1583 790 1631 836 S.
1652 790 1901 837 Michaelis
1924 805 2044 850 quae
2068 792 2211 837 etiam
2236 807 2359 837 nunc

408 885 458 928 in
482 884 651 929 eodem
675 881 839 930 vifitur
870 883 1052 931 sacello.
1121 885 1251 933 Tulit
1275 893 1324 933 et
1349 888 1463 934 duas
1497 903 1666 949 cappas
1700 888 1907 935 ceruleas
1939 890 1997 934 de
2030 886 2183 949 byfl'o:
2220 896 2360 949 atque

408 984 583 1028 vitrum
620 982 811 1029 fenestri
845 986 1034 1045 majoris
1067 987 1116 1030 in
1151 986 1270 1032 faeie
1303 987 1470 1047 templi
1493 1003 1522 1033 a
1544 986 1741 1048 Kynlos.
1810 987 1910 1033 Sub
1942 988 2031 1033 hoo
2055 987 2246 1034 Abbate
2274 988 2358 1034 rafi

409 1080 517 1127 sunt
553 1082 771 1127 dominus
803 1082 1013 1129 Joannes
1049 1083 1132 1137 Le,
1169 1085 1385 1130 dominus
1418 1085 1627 1131 Joannes
1662 1085 1852 1139 Baxter,
1890 1083 1970 1130 suo
2003 1091 2214 1146 tempore
2254 1102 2361 1132 can-

415 1187 491 1225 tor
515 1181 657 1234 chori,
695 1181 912 1226 dominus
947 1180 1092 1226 Alexr
1125 1181 1393 1243 Cumming,
1430 1183 1510 1242 qui
1543 1183 1673 1243 pingi
1704 1183 1884 1228 curavit
1907 1180 2127 1228 sacellum
2163 1182 2359 1244 Magda—

411 1278 556 1332 lenes,
597 1278 735 1337 (obiit
757 1277 843 1324 sub
865 1279 1047 1325 Thoma
1080 1279 1273 1326 Abbate
1311 1284 1449 1335 1517,
1486 1281 1561 1326 die
1599 1283 1658 1325 18
1700 1279 1975 1325 Decembris
1993 1281 2025 1339 ς)
2060 1286 2110 1325 et
2145 1282 2359 1325 dominus

413 1376 688 1423 Gulielmus
714 1376 994 1430 Merohand,
1031 1383 1196 1423 cantor
1218 1378 1359 1431 chori,
1385 1379 1464 1437 qui
1487 1378 1644 1438 phiala
1666 1383 1889 1438 argentea
1912 1382 1960 1422 et
1979 1377 2158 1423 duabus
2181 1375 2358 1430 casulis,

415 1490 512 1520 una
535 1472 735 1535 byffinia
756 1475 979 1535 palmata,
1005 1475 1155 1522 altera
1187 1491 1418 1536 porracea,
1453 1474 1675 1522 sacellum
1710 1476 1805 1521 divi
1841 1474 2083 1520 Laurentii
2107 1476 2361 1527 adornavit,

416 1573 554 1632 (obiit
581 1577 720 1627 1520,
745 1573 1012 1634 penultima
1035 1573 1202 1620 Martii
1224 1573 1310 1620 sub
1327 1574 1507 1620 Thema
1525 1572 1751 1634 Abbate).
1917 1573 2018 1619 Sub
2043 1572 2196 1619 Ellem
2220 1575 2362 1618 etiam

415 1678 636 1733 receptus
661 1672 879 1718 dominus
912 1672 1183 1719 Gulielmus
1217 1673 1398 1726 Culros,
1433 1671 1595 1733 postea
1628 1670 1790 1717 Abbas
1824 1668 2058 1731 profefl'us,
2095 1671 2248 1716 denuo
2281 1669 2363 1715 sub

415 1772 447 1817 J
450 1772 596 1818 aeobo
622 1771 853 1831 Guthery,
879 1786 988 1817 eum
1011 1787 1095 1831 per
1117 1776 1319 1817 mortem
1342 1770 1374 1816 J
1377 1771 1539 1816 oannis
1574 1769 1744 1823 Ellem,
1779 1775 1967 1815 tantum
1990 1770 2039 1814 in
2062 1784 2204 1814 manu
2232 1768 2363 1828 supe-

414 1872 560 1924 rioris,
609 1870 857 1916 Benediffi
903 1870 1115 1932 regulam
1163 1868 1394 1916 custodire
1440 1866 1646 1914 vovisset.
1733 1867 1831 1914 Sub
1877 1867 1966 1913 hoe
2007 1866 2199 1912 Abbate
2244 1867 2363 1911 vixit

419 1971 638 2016 dominus
660 1968 691 2014 J
695 1983 871 2015 oannes
896 1969 1042 2023 Marr,
1069 1971 1140 2014 vir
1167 1968 1256 2027 (uti
1280 1970 1447 2028 fertur)
1471 1968 1630 2028 magni
1652 1966 1842 2020 roboris,
1867 1971 1916 2011 et
1941 1964 2173 2011 Strathilii
2197 1962 2363 2010 custos.

652 2124 896 2170 DOMINUS
930 2124 1153 2170 JACOBUS
1190 2124 1462 2177 GUTHERY‚
1499 2122 1669 2167 AssBAs
1703 2136 1731 2166 A
1767 2121 1978 2166 KYNLos
2013 2118 2156 2163 XIX.

766 2214 928 2261 Homo
951 2217 1074 2262 bene
1099 2216 1260 2261 defitus
1284 2216 1333 2260 in
1355 2230 1406 2259 re
1429 2212 1725 2274 Theologica.
1794 2210 1928 2256 Obiit
1955 2214 2026 2259 17.

964 2307 1074 2353 Kal.
1100 2304 1280 2365 Aprilis
1304 2305 1448 2349 Anno
1473 2301 1666 2347 Domini
1694 2303 1830 2346 1489.

494 2453 545 2498 Is
574 2451 812 2512 quondam
848 2449 941 2494 fuit
977 2444 1193 2492 cellarius
1228 2442 1386 2502 Cupri.
1471 2439 1696 2500 Sepultus
1731 2435 1799 2483 est
1832 2438 1881 2481 in
1916 2435 2069 2481 viculo
2104 2451 2130 2480 a
2166 2434 2369 2492 Forfayr.

428 2553 597 2599 Erexit
620 2551 697 2596 hic
719 2547 958 2595 stabulum
973 2557 1213 2604 equorum,
1238 2541 1320 2586 ubi
1338 2540 1541 2599 primum
1559 2535 1730 2583 arserat
1751 2536 1915 2580 domus
1939 2533 2144 2579 abbatis:
2181 2531 2303 2591 quod
2322 2537 2371 2575 et

430 2666 583 2711 nuper
607 2646 730 2696 arfit.
800 2645 895 2691 Hic
919 2645 969 2690 in
991 2641 1073 2688 sua
1095 2637 1360 2686 vifitatione
1378 2653 1406 2683 a
1423 2636 1589 2682 Culros
1607 2635 1761 2695 coegit
1784 2632 1910 2678 illius
1928 2631 2017 2676 loci
2035 2628 2272 2675 Abbatem
2292 2629 2370 2672 do-

431 2751 615 2795 minum
640 2745 932 2792 Riehardum
957 2738 1213 2786 Marsohell
1237 2737 1296 2782 ob
1314 2737 1440 2782 vitae
1457 2732 1801 2794 turpitudinem
1818 2730 1945 2776 abire
1961 2724 2246 2788 magistratu.
2292 2725 2371 2770 Ad

432 2848 573 2907 hujus
596 2844 803 2891 Abbatis
827 2841 1107 2888 eleffionem
1141 2835 1344 2896 praefuit
1379 2831 1544 2879 Abbas
1566 2846 1594 2877 a
1616 2829 1773 2889 Cupro
1808 2827 2022 2872 dominus
2046 2824 2198 2870 David
2227 2823 2373 2875 Bane,

434 2949 505 2992 vir
529 2945 692 2990 do&us
716 2947 766 2987 et
789 2936 1001 2985 vifitator
1022 2941 1139 2981 tune
1161 2932 1231 2978 sui
1256 2931 1430 2977 ordinis
1463 2944 1547 2989 per
1569 2924 1829 2973 universam
1853 2923 2039 2968 Scotiae
2073 2920 2358 2981 provinciam

437 3046 498 3092 In
524 3039 816 3089 Monasterio
840 3043 1001 3084 autem
1025 3050 1053 3080 a
1075 3031 1262 3093 Kynlos
1293 3035 1408 3075 tunc
1434 3028 1612 3088 primus
1636 3025 1725 3070 fuit
1747 3024 1872 3068 inter
1893 3019 2094 3066 seniores
2116 3023 2272 3078 patres
2296 3018 2376 3062 do-

411 3108 592 3191 *minus
615 3141 645 3187 J
649 3152 824 3186 oannes
847 3134 1026 3187 Tellen,
1063 3132 1143 3191 qui
1177 3131 1227 3175 in
1261 3104 1500 3188 seligendo
1534 3122 1725 3169 Abbate
1758 3119 1934 3166 Jacobo
1969 3116 2198 3176 Guthery,
2233 3116 2380 3175 prima

433 3249 546 3288 vota
567 3241 682 3287 fecit
701 3254 713 3292 ;
749 3252 805 3282 ea
830 3238 1022 3296 propter
1044 3229 1194 3275 difims
1216 3223 1378 3287 postea
1400 3223 1545 3276 Prior,
1570 3235 1678 3267 oum
1695 3224 1855 3266 tamen
1877 3230 2039 3262 revera
2061 3229 2155 3259 non
2179 3209 2289 3259 esset
2320 3227 2379 3257 ex
