2938 3762
578 464 600 506 1
612 463 638 509 6
1210 456 1539 505 HISTORIA
1574 456 1918 505 ABBATUM

575 607 716 652 quam
736 591 913 638 volavit
936 589 1169 643 columba,
1188 594 1239 635 et
1262 585 1361 635 illic
1382 585 1593 635 subfidit,
1663 587 1858 635 Interea
1874 588 1990 635 dum
2007 588 2262 635 miraretur
2279 588 2389 636 Rex
2406 605 2540 651 prae-

577 692 703 751 petis
717 690 929 736 volatum
953 688 1141 747 locique
1162 688 1520 741 amoenitatem,
1543 687 1664 734 vidit
1680 701 1850 750 greges
1871 685 2119 748 'pascentes
2141 692 2193 734 et
2216 702 2327 734 cum
2349 688 2423 734 his
2444 690 2547 748 'opi-

580 789 729 835 liones
753 789 885 841 duos,
909 787 969 833 ad
992 801 1110 846 quos
1134 786 1404 847 digrediens
1425 783 1754 848 exceptus³est
1772 786 1825 832 in
1857 800 2042 834 morem
2074 783 2359 847 pastor-icum
2380 787 2548 833 huma-

580 884 776 940 niffime,
801 892 851 932 et
874 900 1038 931 eorum
1062 882 1171 931 usus
1194 881 1264 930 est
1296 882 1498 946 hospitio
1519 885 1763 932 ea‘noae.
1811 883 1948 931 :Post
1969 899 2182 940 coenam,
2206 899 2357 946 quum
2379 885 2549 947 fatiga-

581 993 659 1032 tus
682 982 796 1032 effet
819 983 930 1030 Rex
946 984 1157 1044 optimus
1180 982 1342 1030 labore
1363 980 1592 1043 aestuque
1609 983 1943 1043 praecedentis
1965 983 2074 1038 diei,
2097 983 2375 1044 aliquandiu
2398 985 2548 1031 viaus

567 1083 743 1145 ⁴sopore
766 1083 1066 1129 obdormivit.
1137 1081 1254 1128 Non
1286 1079 1421 1128 secus
1453 1095 1598 1142 quam
1631 1078 1718 1127 usu
1742 1082 1907 1128 venire
1940 1081 2171 1136 videmus,
2186 1102 2192 1106 Δ
2207 1078 2312 1143 post.
2343 1081 2550 1129 multam

580 1184 725 1229 animi
749 1182 1060 1244 agitationem
1084 1180 1325 1242 vigilando
1347 1185 1643 1241 conceptam,
1679 1181 1911 1242 imagines
1933 1188 2098 1227 earum
2119 1194 2280 1227 rerum
2303 1179 2550 1228 obversare

582 1288 695 1328 ante
718 1281 880 1328 oculos
904 1279 1361 1334 dormiturientibus,
1386 1280 1459 1325 vir
1479 1278 1563 1325 ille
1595 1280 1703 1339 pius
1735 1293 1823 1339 per
1852 1277 2091 1325 somnium
2118 1277 2246 1326 visus
2268 1277 2340 1327 est
2361 1280 2553 1327 oraculo

581 1382 855 1428 admoneri:
902 1387 957 1426 ut
992 1395 1049 1426 eo
1083 1379 1174 1425 loci
1210 1380 1259 1424 in
1294 1378 1651 1425 venerationem
1684 1374 2002 1438 pientiffimae
2038 1377 2215 1438 Matris
2249 1383 2301 1425 et
2336 1378 2553 1441 Virginis

583 1479 806 1527 sacellum
842 1485 1055 1540 poneret,
1086 1479 1220 1539 cujus
1254 1476 1544 1524 adminiculo
1577 1473 1948 1537 praesentiffimo
1982 1482 2100 1523 tunc
2138 1474 2350 1524 servatus
2383 1474 2552 1523 fuisset.

585 1580 839 1626 Excitatus
885 1578 993 1624 Rex
1032 1592 1061 1624 a
1093 1575 1256 1623 somno
1291 1591 1401 1623 cum
1433 1573 1619 1636 saepius
1655 1575 1816 1622 animo
1835 1574 2121 1622 ,revolveret
2154 1576 2259 1623 πᾶν,
2292 1576 2387 1623 diei
2422 1592 2554 1637 prae-

585 1679 810 1732 cedentis,
847 1683 898 1723 et
931 1677 1082 1722 nosizis
1115 1675 1408 1721 incurrentia
1439 1673 1621 1720 somnia
1658 1688 1961 1734 nequaquam
1995 1688 2118 1720 vana
2150 1671 2236 1721 fibi
2271 1675 2434 1730 videri,
2457 1676 2557 1737 gla-

587 1778 718 1822 dium
743 1776 918 1829 educit,
943 1790 998 1821 ac
1031 1773 1259 1820 sacellum
1290 1787 1353 1820 ex
1375 1777 1489 1819 voto
1524 1771 1774 1833 Deiparae‘
1795 1771 1988 1834 Virgini
2022 1774 2073 1818 in
2105 1773 2280 1819 virenti
2313 1779 2451 1834 prato
2475 1775 2556 1820 de-

587 1874 753 1938 fignat.
811 1875 1006 1921 Interea
1028 1873 1152 1920 fa&a
1173 1869 1244 1919 est
1266 1873 1380 1927 dies,
1399 1871 1637 1933 multique
1659 1886 1721 1918 ex
1740 1870 1890 1933 Regis
1911 1871 2236 1926 familiaribus,
2262 1886 2372 1919 cum
2396 1871 2559 1919 Mora-

537 2019 540 2022 ,
589 1977 659 2021 vis
682 1979 871 2035 quoque
887 1972 1142 2026 nobilibus,
1156 1972 1240 2032 qui
1263 1976 1369 2018 tota
1390 1971 1528 2017 noete
1552 1971 1799 2017 dominum
1813 1968 1950 2016 suum
1968 1967 2184 2017 amiffum
2205 1971 2558 2032 perquirebant,

590 2074 673 2119 illo
698 2073 886 2119 deduffl
910 2071 1033 2117 sunt.
1104 2070 1203 2117 Ubi
1227 2068 1324 2116 viso
1348 2069 1496 2131 Rege,
1519 2066 1664 2131 gavisi
1688 2067 1799 2115 sunt
1822 2084 1919 2114 non
1933 2070 2104 2124 minus,
2131 2084 2272 2130 quam
2296 2070 2346 2116 hi
2369 2068 2561 2117 consue-

591 2187 701 2219 vere
725 2173 806 2233 qui
828 2176 1082 2232 parentum
1106 2166 1336 2216 defiderio
1366 2168 1627 2229 plurimum
1649 2165 1755 2228 post
1772 2167 1937 2229 longas
1959 2173 2011 2215 et
2034 2168 2283 2215 diuturnas
2306 2170 2563 2231 perigrina-

592 2273 747 2317 tiones
771 2271 1035 2331 capiuntur.
1106 2267 1183 2314 Ex
1218 2283 1275 2314 eo
1309 2268 1413 2313 loco
1449 2267 1680 2313 deduRus
1711 2265 1781 2313 est
1804 2266 1913 2313 Rex
1947 2267 2113 2314 multis
2148 2268 2490 2315 comitantibus
2513 2271 2561 2314 in

593 2385 751 2417 arcem
774 2369 833 2415 de
857 2365 1064 2422 Duffuss,
1088 2373 1139 2414 et
1161 2366 1260 2413 illic
1282 2365 1426 2427 paulo
1447 2362 1552 2426 post
1575 2366 1703 2426 cepit
1726 2380 1836 2412 cum
1858 2366 1933 2412 his
1956 2381 2074 2426 quos
2090 2366 2259 2413 habuit
2277 2364 2564 2413 chariffimos

595 2471 654 2515 de
678 2465 785 2514 vifis
807 2466 936 2513 illius
968 2466 1123 2512 noffls
1156 2465 1522 2511 communicare.
1591 2463 1765 2523 Itaque
1796 2463 1979 2524 placuit
2013 2462 2118 2525 post
2141 2463 2307 2526 longos
2328 2463 2565 2512 sermones

595 2567 875 2614 architeRos
893 2570 945 2611 et
967 2563 1172 2611 latomos
1206 2578 1330 2624 pene
1352 2563 1628 2608 innumeros
1651 2564 1734 2623 qui
1755 2566 1878 2609 tunc'
1896 2564 2039 2625 regiis
2061 2563 2404 2611 incumbebant
2420 2561 2566 2611 struc-

598 2667 717 2713 turis
734 2666 785 2711 in
803 2661 996 2711 diverfis
1014 2664 1131 2710 locis
1149 2663 1209 2710 ad
1226 2661 1275 2708 se
1292 2677 1477 2717 vocare,
1495 2667 1547 2707 et
1563 2676 1717 2708 novae
1733 2661 2004 2708 fundationi
2018 2677 2047 2708 a
2060 2659 2311 2708 Killusche
2323 2661 2565 2722 proficere.

598 2766 741 2812 Cavit
773 2765 920 2811 etiam
949 2764 1225 2824 prudenter,
1248 2776 1311 2807 ne
1332 2775 1408 2807 res
1436 2757 1790 2821 impeditiffima
1810 2757 1972 2806 statim
1983 2760 2056 2806 *ab
2079 2760 2217 2806 initio
2250 2757 2565 2814 frustraretur,

600 2879 685 2925 per
699 2862 831 2910 suam
848 2861 1163 2924 praesentiam
1182 2860 1383 2907 excitari
1400 2858 1557 2906 altius.
1592 2857 1765 2919 Itaque
1781 2863 1887 2904 tota
1899 2857 1985 2904 illa
1997 2854 2175 2904 aestate
2194 2857 2302 2904 Rex
2324 2857 2421 2919 ipse
2443 2861 2568 2921 apud

602 2978 757 3010 arcem
781 2979 809 3009 a
832 2958 1027 3008 Duffuss
1055 2974 1214 3022 agens,
1248 2959 1361 3005 huic
1395 2957 1500 3004 loco
1534 2955 1582 3003 se
1615 2932 1927 3003 arcbite6tum
1949 2956 2182 3017 praebuit.
2252 2955 2441 3003 Dehinc
2463 2973 2572 3004 avo-

604 3062 823 3108 cantibus
846 3059 1158 3122 Reipublicae
1179 3058 1473 3121 gravioribus
1495 3056 1714 3117 negotiiS,
1734 3055 1863 3116 prius
1880 3070 2023 3116 quam
2047 3053 2421 3116 proficisceretur
2441 3056 2501 3102 ad
2524 3055 2571 3102 se

605 3161 767 3206 venire
782 3156 916 3219 juffit
934 3155 1219 3205 industrium
1242 3157 1398 3203 virum
1419 3154 1708 3201 monachum
1731 3169 1759 3200 e
1782 3153 2012 3200 coenobio
2035 3169 2065 3201 a
2091 3152 2288 3206 Melros,
2312 3166 2455 3212 quem
2478 3153 2571 3199 suis

608 3258 874 3305 architeais
892 3263 944 3303 et
958 3256 1169 3319 surgenti
1189 3253 1484 3302 Monasterio
1506 3253 1749 3314 praefecit.
1819 3251 1933 3299 Fuit
1950 3253 2004 3307 is,
2022 3249 2280 3298 Anselmus
2296 3252 2502 3306 nomine,
2522 3259 2571 3298 et
