2938 3762
1014 456 1454 507 MONASTERII
1489 461 1537 507 A
1579 460 1878 511 KYNLOS.
2358 473 2410 519 71

463 585 632 646 ligneis
678 582 862 640 teffeliS,
905 587 1054 633 veluti
1100 589 1252 648 planis
1290 592 1577 647 imbricibus,
1619 595 1859 640 contexit:
1912 601 1962 641 et
2006 595 2254 656 plumbum
2294 600 2417 657 quod

464 681 640 738 vifitur,
676 684 841 730 multis
865 701 893 731 a
916 684 1153 733 vetustate
1176 688 1291 734 locis
1315 704 1485 749 aquam
1509 690 1847 746 transmittens,
1882 691 2089 740 restituit
2118 693 2415 756 saepiuscule.

530 780 707 828 Nostro
731 785 877 829 etiam
901 790 1130 845 tempore,
1152 801 1257 832 eam
1281 788 1394 833 tecti
1417 794 1600 848 partem
1625 805 1743 850 quae
1767 791 1962 837 chorum
1986 793 2171 854 integit,
2196 795 2418 854 utrinque

462 895 585 926 novo
608 882 806 941 plumbo
830 884 1012 928 curavit
1036 884 1368 931 adornandam.
1427 886 1676 949 Deinceps,
1701 905 1920 936 coronam
1943 892 2109 952 templi
2132 907 2419 952 quaquaver-

461 979 564 1025 sum
589 983 818 1027 excitavit
852 981 1008 1042 lapide
1043 984 1284 1043 quadrato,
1320 985 1371 1030 in
1404 1000 1585 1032 morem
1608 987 1830 1034 videlicet
1865 989 2215 1036 corollariorum
2241 992 2291 1036 in
2314 1007 2419 1051 pro-

461 1081 754 1142 pugnaculis,
780 1089 835 1127 ut
865 1082 1154 1152 imbricatori
1180 1082 1341 1143 (quem
1365 1086 1509 1130 etiam
1535 1086 1820 1147 tegularium
1845 1090 2083 1150 vocamus)
2108 1090 2260 1134 minor
2282 1090 2417 1135 fieret

461 1179 593 1225 labor
616 1181 665 1225 in
688 1178 980 1226 restituendo
1005 1183 1131 1227 te&o
1155 1180 1189 1227 fi
1214 1184 1402 1243 quando
1438 1183 1581 1229 scalas
1615 1185 1900 1231 admoveret.
1976 1186 2155 1232 Eadem
2193 1203 2332 1247 opera
2367 1195 2416 1233 et

459 1276 627 1332 studio,
664 1280 759 1325 divi
796 1279 1078 1340 Hieronymi
1112 1278 1351 1335 sacellum,
1387 1281 1586 1342 superne
1619 1282 1871 1338 ruinosum,
1906 1299 2001 1330 non
2035 1286 2311 1331 indecenter
2333 1302 2415 1346 per

461 1378 620 1422 omnia
653 1375 876 1423 restituit.
946 1378 1191 1425 Excitavit
1224 1386 1470 1439 praeterea
1504 1381 1553 1425 in
1588 1381 1756 1426 eodem
1787 1382 1967 1442 templo
1991 1383 2050 1427 ad
2071 1380 2419 1429 sacrificandum

460 1481 558 1521 tres
582 1491 684 1521 aras
704 1491 715 1530 ;
751 1491 896 1523 unam
921 1477 1029 1522 divo
1047 1476 1354 1539 Hieronymo,
1381 1478 1516 1524 divae
1539 1477 1713 1525 Annae
1736 1479 1946 1534 alteram,
1972 1481 2162 1526 tertiam
2185 1482 2234 1526 in
2252 1480 2419 1527 sacello

460 1580 794 1630 mortuorum3
841 1591 957 1634 quas
1003 1577 1149 1621 etiam
1185 1582 1354 1622 ornatu
1390 1578 1516 1622 vario
1551 1583 1602 1622 et
1635 1575 1773 1623 sacris
1808 1575 2014 1624 vestibus
2063 1578 2274 1640 religiose
2312 1578 2421 1625 satis

461 1675 714 1720 decoravit.
784 1672 1045 1720 Constituit
1068 1673 1257 1735 insuper
1279 1675 1430 1735 majus
1454 1675 1747 1736 horologium
1772 1676 1895 1736 quod
1919 1677 1970 1722 in
1992 1677 2172 1737 templo
2196 1678 2254 1723 ad
2277 1676 2422 1723 sacra-

460 1775 582 1818 rium
608 1773 811 1827 videtur,
847 1790 874 1819 a
897 1775 1053 1834 capite
1091 1773 1252 1834 (juxta
1284 1775 1590 1835 paraemiam)
1615 1773 1760 1833 usque
1784 1776 1843 1820 ad
1866 1775 2039 1835 pedes3
2075 1781 2124 1821 et
2149 1775 2277 1821 aliud
2301 1776 2417 1820 item

460 1873 631 1926 minus,
656 1872 806 1918 veluti
843 1873 1190 1926 excitatorium‚
1228 1878 1320 1933 quo
1355 1874 1394 1918 is
1418 1874 1572 1918 utitur
1594 1888 1655 1918 ex
1689 1873 1841 1918 officio
1875 1874 1955 1933 qui
1990 1873 2270 1919 antelucano
2301 1879 2421 1919 tem-

459 1987 573 2031 pore
608 1972 667 2017 ad
692 1972 873 2017 divinas
898 1971 1061 2017 laudes
1084 1972 1391 2031 percinendas
1416 1971 1621 2031 reliquos
1645 1971 1811 2017 fratres
1836 1971 2045 2017 excitare
2069 1969 2321 2018 consuevit.

526 2069 603 2116 Ac
626 2068 787 2116 statim
817 2072 866 2115 in
890 2071 1028 2115 initio
1051 2069 1160 2116 suae
1192 2069 1448 2123 electionis,
1475 2085 1502 2115 e
1525 2070 1717 2130 regione
1751 2068 1887 2115 aulae
1921 2069 2104 2114 abbatis
2129 2069 2272 2129 juxta
2302 2071 2421 2115 euri-

460 2184 574 2229 pum
621 2169 887 2229 tubumque
932 2184 1017 2229 per
1062 2184 1204 2228 quem
1245 2183 1366 2227 aqua
1411 2169 1469 2213 ad
1510 2167 1811 2213 moletrinam
1858 2167 2098 2213 derivatur
2140 2166 2418 2221 monasterii,

462 2269 656 2312 domum
692 2283 720 2313 a
759 2268 1084 2313 fundamentis
1118 2265 1307 2327 posuit;
1347 2268 1397 2311 in
1432 2273 1509 2320 ea,¹
1536 2263 1694 2311 nostro
1729 2271 1945 2326 tempore
1986 2265 2225 2311 Robertus
2264 2267 2418 2317 abbas,

462 2365 670 2425 ejusdem
703 2365 914 2412 Thomae
949 2365 1169 2411 alumnus
1201 2371 1250 2411 et
1285 2364 1551 2410 declaratus
1585 2361 1821 2417 successor,
1857 2363 2130 2409 recumbere
2164 2362 2417 2409 consuevit.

462 2462 652 2518 Rursus,
693 2479 818 2510 anno
851 2462 1013 2510 salutis
1046 2464 1282 2510 humanae
1317 2459 1550 2508 tricefimo
1585 2460 1720 2522 supra
1759 2458 2222 2520 sesquimillesimum,
2258 2447 2443 2506 iisdem⁸

461 2564 656 2609 aedibus
690 2560 1019 2624 ampliffimam
1054 2562 1228 2622 adjecit
1262 2561 1584 2621 appendicem.
1655 2558 1713 2604 In
1747 2560 1909 2619 primis
1931 2556 2146 2604 subversa
2178 2557 2344 2605 rimosa
2366 2575 2419 2604 ac

462 2661 650 2709 vetusta
678 2664 729 2707 in
764 2678 820 2708 eo
855 2662 958 2707 loco
983 2660 1271 2706 domuncula
1293 2660 1433 2706 aedes
1456 2673 1600 2705 novas
1623 2658 1764 2718 priori
1788 2657 2000 2703 aedificio
2024 2658 2261 2703 communi
2284 2658 2420 2703 coch-

461 2763 536 2808 lea
575 2762 850 2822 conjunxit:
898 2760 1087 2821 egregia
1120 2757 1229 2805 sane
1265 2755 1507 2811 stru&ura,
1542 2772 1638 2802 non
1672 2757 1828 2802 minus
1862 2752 2110 2802 necessaria
2142 2752 2418 2801 monasterio

463 2877 605 2922 quam
640 2865 918 2906 ornamento
941 2859 1164 2904 maximo.

528 2960 765 3021 Magnum
799 2963 1046 3018 praeterea
1079 2956 1263 3003 abbatis
1295 2954 1580 3007 cubiculum,
1617 2968 1722 3012 qu0,
1757 2967 1841 3012 per
1872 2950 2108 3012 hospitum
2142 2949 2412 3003 absentiam,

464 3059 614 3106 veluti
643 3059 826 3103 minore
861 3057 1063 3116 quadam
1098 3055 1207 3101 aula
1239 3055 1289 3099 in
1323 3053 1520 3114 prandio
1544 3057 1593 3098 et
1617 3065 1763 3097 coena
1796 3065 1904 3095 cum
1938 3047 2020 3095 sua
2052 3049 2229 3095 familia
2254 3051 2417 3101 utitur,

463 3158 630 3205 multis
662 3157 814 3202 modis
845 3153 1137 3201 instauravit.
1206 3152 1265 3198 In
1298 3152 1461 3212 primis
1495 3147 1746 3195 fenestram
1780 3147 1877 3194 illic
1911 3148 2094 3208 aperuit
2127 3147 2420 3208 quadrangu-

464 3256 612 3302 larem
637 3254 893 3300 habentem
929 3266 1131 3306 crucem,
1165 3249 1248 3296 ubi
1283 3253 1426 3295 antea
1466 3249 1719 3295 fumarium
1764 3243 2104 3308 ineptiffimum
2144 3246 2415 3291 videbatur:
