2938 3762
1036 452 1474 504 MONASTERII
1509 458 1555 505 A
1593 460 1890 509 KYNLOS.
2380 472 2438 513 33

475 577 719 639 ingentem
742 582 1008 641 pecuniam,
1034 590 1089 630 ut
1112 583 1175 632 fic
1200 586 1335 634 fieret
1362 590 1507 636 abbas
1530 607 1559 637 a
1581 591 1753 653 Cupro,
1790 594 1918 639 unde
1951 595 2157 655 primum
2181 596 2229 641 in
2254 595 2438 657 Kynlos

473 684 682 724 venerat.
752 678 849 725 Sed
881 696 992 727 eum
1015 682 1191 730 fefellit
1226 692 1437 742 conatus,
1473 704 1573 735 rem
1614 691 1683 736 ita
1716 693 2092 752 temperantibus
2126 692 2316 754 superiS,
2352 711 2460 741 ncc-

474 775 662 836 Kynlos
700 779 859 838 potuit
895 781 1116 836 retinere,
1153 798 1243 829 nec
1280 783 1492 846 Cuprum
1530 803 1710 848 capere.
1797 789 1982 836 Verum
2015 792 2270 838 infeliciter
2299 796 2435 854 perit,

474 874 635 920 dolore
659 877 914 932 confectus,
939 880 1065 940 apud
1090 880 1129 925 F
1131 882 1298 943 orfayr.
1717 854 1719 856 Ι

539 973 641 1020 Sub
664 975 754 1021 hoc
772 975 804 1021 J
806 977 953 1023 acobo
974 977 1193 1040 Guthery
1210 981 1319 1027 facti
1342 980 1451 1028 sunt
1474 985 1694 1030 monachi
1719 986 1935 1032 dominus
1960 986 2200 1033 Robertus
2226 989 2436 1036 Donald-

471 1072 553 1117 son
576 1075 805 1134 patruelis
829 1077 1008 1122 domini
1031 1077 1063 1123 J
1066 1080 1231 1125 oannis
1256 1079 1506 1127 Schanwel
1531 1082 1644 1128 olim
1669 1084 1852 1130 abbatis
1875 1100 1903 1131 a
1926 1085 2114 1156 Cupro3
2149 1087 2226 1133 hic
2255 1088 2434 1134 Rober—

471 1177 550 1217 tus
580 1170 859 1220 instauravit
882 1173 1105 1222 sacellum
1130 1177 1178 1223 S.
1203 1177 1413 1226 Thomae
1446 1183 1692 1242 martyris;
1728 1183 1845 1228 obiit
1873 1187 2011 1238 1510,
2036 1183 2121 1231 sub
2143 1186 2323 1233 Thoma
2353 1188 2433 1233 ab·

471 1271 595 1316 bate.
665 1272 788 1318 Cum
806 1272 1081 1320 Donaldsou
1104 1275 1233 1322 rasus
1252 1274 1322 1322 est
1345 1278 1564 1325 dominus
1581 1279 1612 1325 J
1615 1295 1791 1342 oannes
1811 1280 2042 1343 Guthery‚
2062 1285 2141 1345 qui
2165 1284 2304 1346 longe
2322 1293 2433 1331 ante

470 1369 606 1415 suum
630 1371 862 1432 collegam
888 1373 999 1419 fatis
1023 1371 1260 1420 conceffit.

536 1468 677 1523 Item,
719 1471 939 1517 dominus
977 1471 1211 1519 Patricius
1246 1473 1448 1529 Wilson,
1490 1477 1561 1521 vir
1603 1476 1676 1535 (ut
1717 1479 1876 1539 audio)
1918 1479 2103 1539 probus,
2147 1482 2432 1527 novitiorum

470 1568 710 1623 formator,
753 1571 832 1630 qui
873 1572 1019 1617 etiam
1059 1572 1266 1632 praefuit
1308 1574 1498 1620 domino
1538 1575 1747 1623 Thomae
1789 1575 2020 1638 Crystallo
2061 1577 2222 1639 postea
2259 1580 2430 1626 abbati.

470 1666 606 1712 Obiit
631 1668 850 1715 dominus
871 1669 1118 1724 Patricius,
1143 1668 1246 1731 post
1261 1673 1410 1718 varias
1435 1673 1774 1729 divexationes,
1800 1675 1883 1721 sub
1898 1675 2079 1722 Thoma
2101 1678 2284 1731 abbate,
2309 1683 2429 1724 1525

470 1767 547 1812 die
574 1768 601 1814 6
626 1766 848 1829 Augusti.

536 1864 678 1921 Item,
711 1867 931 1913 dominus
968 1867 1125 1914 David
1163 1867 1307 1923 Eliot,
1344 1870 1425 1929 qui
1447 1870 1670 1931 pleraque
1706 1872 1948 1919 volumina
1981 1874 2181 1928 ritualia,
2218 1873 2430 1920 studiofis

470 1965 723 2013 necessaria
763 1968 840 2014 vel
886 1969 1077 2022 coemit,
1125 1969 1202 2014 vel
1237 1967 1318 2015 sua
1356 1984 1501 2015 manu
1542 1959 1795 2031 descripfit.
1878 1971 2009 2017 Emit
2050 1973 2126 2018 hic
2166 1971 2335 2019 sacello
2382 1973 2430 2019 S.

469 2066 501 2111 J
504 2068 669 2112 oannis
694 2082 799 2112 eam
825 2065 1158 2128 Evangelistae
1182 2068 1438 2129 imaginem
1463 2083 1604 2128 quam
1638 2084 1766 2114 nunc
1790 2070 2016 2124 videmus,
2053 2076 2102 2116 et
2137 2070 2338 2117 casulam
2372 2088 2432 2117 ex

469 2166 611 2211 rubra
634 2163 761 2226 bysso
784 2165 1058 2226 palmatam.
1127 2165 1264 2211 Obiit
1291 2168 1416 2213 1526
1442 2167 1519 2212 die
1547 2171 1574 2213 5
1600 2166 1893 2221 Decembris,
1918 2167 2003 2213 sub
2026 2168 2207 2215 Thoma
2229 2170 2413 2216 abbate.

538 2265 679 2319 Item,
705 2266 925 2310 dominus
953 2264 1225 2311 Gulielmus
1260 2264 1449 2318 Butter,
1486 2266 1566 2324 qui
1600 2281 1684 2325 per
1716 2267 2092 2327 indignationem
2126 2268 2430 2314 homicidium

468 2365 676 2423 patravit
698 2363 991 2409 verberando
1015 2378 1218 2422 puerum
1242 2364 1291 2408 in
1316 2361 1518 2409 claustro
1551 2361 1620 2408 sui
1653 2363 1945 2417 Monasterii,
1982 2363 2066 2410 sub
2100 2365 2270 2410 abbate
2294 2365 2429 2411 Guli-

467 2463 592 2508 elmo
617 2462 800 2507 Culros.
870 2461 1030 2516 Quare
1053 2462 1203 2506 factus
1226 2460 1506 2522 irregularis,
1541 2461 1777 2521 profectus
1801 2459 1870 2506 est
1893 2461 2112 2515 Romam,
2146 2478 2253 2508 cum
2277 2463 2425 2509 altero

466 2561 713 2615 monacho,
738 2561 932 2606 domino
958 2559 1170 2606 Henrico
1192 2559 1499 2620 Leythonow‚
1529 2563 1666 2614 1500,
1703 2560 1784 2605 ubi
1807 2545 2048 2605 absolutus
2072 2558 2154 2614 est,
2190 2576 2243 2606 ac
2267 2576 2426 2606 exem-

466 2661 598 2720 plum
623 2657 931 2706 absolutionis
953 2656 1035 2703 suo
1059 2659 1220 2704 abbati
1255 2655 1541 2712 transmifit3
1576 2656 1674 2718 ipse
1710 2658 1980 2704 Gulielmus
2016 2673 2125 2704 vero
2149 2674 2257 2704 cum
2292 2658 2424 2704 Hen-

464 2761 560 2805 rico
585 2759 769 2819 collega
791 2772 1035 2817 nunquam
1058 2757 1214 2803 rediit.

531 2857 671 2911 Item,
708 2856 927 2901 dominus
950 2854 982 2900 J
986 2870 1162 2901 oannes
1196 2854 1356 2909 Kesse,
1392 2861 1611 2916 receptus
1646 2861 1849 2908 tantum,
1884 2851 2043 2914 postea
2076 2852 2299 2914 professus
2331 2852 2417 2899 sub

465 2956 712 3003 Galbreth.
781 2953 879 3000 Hic
914 2954 1072 2999 triduo
1097 2969 1238 3014 quam
1272 2959 1537 2999 moreretur
1559 2954 1608 2998 in
1632 2952 1827 3012 Templo
1853 2949 2193 2996 Eucharistiam
2216 2949 2415 3003 sumens,

463 3062 622 3117 patres
655 3055 839 3116 rogavit
873 3058 929 3099 ut
963 3053 1106 3098 funus
1140 3051 1276 3098 suum
1310 3053 1360 3097 in
1395 3053 1521 3098 diem
1555 3051 1752 3097 tertium
1788 3051 2026 3102 ducerent,
2057 3050 2199 3095 etita
2231 3050 2418 3102 evenit;

468 3160 591 3202 1522
618 3155 695 3200 die
719 3158 780 3199 20
804 3152 836 3198 J
839 3152 1019 3199 anuarii
1041 3151 1197 3211 periit.
1269 3149 1403 3195 Emit
1426 3150 1465 3195 is
1487 3147 1713 3195 tabellam
1737 3148 1786 3193 in
1821 3145 1988 3193 sacello
2023 3146 2072 3192 S·
2097 3145 2333 3200 Andreae,
2369 3151 2417 3191 et

463 3252 669 3300 casulam
692 3252 951 3313 palmatam
975 3264 1036 3296 ex
1059 3249 1201 3295 rubra
1221 3246 1363 3309 bysso.
