2938 3762
591 481 652 528 74
1224 475 1558 523 HISTORIA
1594 474 1937 523 ABBATUM
1987 476 1990 480 '

591 614 765 655 vocant
797 606 1154 670 goubbelettos)
1179 606 1365 662 dicere;
1401 608 1486 653 uni
1520 606 1669 654 etiam
1715 607 1886 654 horum
1926 606 2143 653 additum
2179 604 2249 653 est
2282 608 2572 668 operculum.

591 707 726 754 Emit
751 721 940 767 quoque
963 703 1166 752 salinum
1190 711 1485 767 argenteum,
1510 721 1565 752 ac
1589 706 1789 768 triginta
1811 707 2023 767 quinque
2046 705 2324 753 cochlearia.

656 802 848 859 Rursus,
883 804 944 851 ad
983 803 1153 866 templi
1188 811 1423 859 ornatum,
1459 806 1554 852 tria
1587 805 1871 852 candelabra
1904 821 1966 852 ex
2001 805 2271 852 aurichalco
2304 805 2573 852 incredibili

591 918 733 965 opere
757 902 984 958 confe&a,
1016 917 1190 966 magno
1214 918 1324 950 aere
1346 904 1583 959 redemit3
1630 919 1833 965 quorum
1868 904 1963 950 duo
1993 904 2055 951 ad
2077 900 2223 950 instar
2245 903 2574 951 columnarum

591 1003 795 1049 formata
832 999 1124 1063 sculptarum
1158 1003 1376 1064 proxime
1417 1003 1478 1049 ad
1515 1001 1749 1050 summam
1790 1018 1919 1050 aram
1954 1002 2159 1057 locavit3
2205 1004 2403 1049 tertium
2438 1019 2563 1057 vero,

591 1101 718 1162 quod
741 1098 812 1149 est
835 1102 885 1147 in
909 1102 1123 1162 quinque
1145 1098 1390 1148 distectum
1414 1101 1607 1149 brachia
1628 1100 1726 1149 five
1748 1116 1905 1149 ramos
1930 1099 2180 1162 (paschale,
2206 1101 2254 1147 id
2278 1110 2451 1148 vocant
2476 1102 2578 1147 vul-

590 1203 745 1264 gares)
779 1202 831 1247 in
864 1201 1034 1248 faciem
1077 1201 1208 1248 chori
1248 1201 1308 1248 ad
1347 1201 1548 1263 gradum
1589 1201 1672 1248 ubi
1713 1199 1962 1262 epistolam
2005 1201 2215 1247 concinit
2249 1198 2576 1254 subdiaconus,

592 1302 709 1363 erig-i
743 1301 940 1348 curavit.
1010 1299 1146 1347 Emit
1180 1306 1231 1346 et
1265 1300 1359 1346 duo
1393 1300 1487 1347 alia
1518 1297 1717 1361 pensilia
1750 1299 2060 1354 candelabra3
2095 1314 2298 1360 quorum
2332 1315 2483 1346 unum
2517 1301 2577 1347 ad

593 1399 762 1446 summi
787 1400 950 1447 altaris
985 1400 1227 1454 fornicem,
1263 1398 1469 1468 alterum
1493 1399 1542 1444 in
1570 1414 1744 1461 magno
1779 1398 1965 1445 abbatis
1999 1398 2233 1453 cubiculo,
2269 1414 2396 1445 nunc
2431 1400 2577 1445 etiam

592 1499 872 1560 propendet.
941 1497 1001 1544 In
1025 1499 1145 1544 turri
1168 1503 1333 1545 autem
1359 1512 1710 1559 campanarum,
1746 1502 1844 1544 tres
1866 1498 2028 1559 magni
2062 1497 2285 1558 ponderis
2309 1513 2398 1545 nec
2421 1500 2579 1544 minus

592 1597 781 1644 sonoras
805 1612 1059 1658 campanas
1082 1595 1300 1658 apposuit
1319 1612 1331 1652 ;
1366 1597 1535 1643 harum
1557 1598 1754 1643 nomina
1776 1595 1900 1651 sunt,
1923 1607 1979 1643 ut
2002 1594 2245 1658 inscriptio
2262 1595 2375 1643 satis
2394 1598 2577 1651 edocet,

595 1696 765 1750 Maria,
785 1694 944 1750 Anna,
969 1702 1020 1742 et
1038 1694 1379 1756 Hieronymus.
1433 1672 1583 1741 Dedit
1607 1701 1658 1741 et
1681 1701 1914 1742 catal-ram
1937 1692 2034 1740 five
2052 1709 2134 1741 vas
2156 1694 2494 1756 perpulchrum
2519 1712 2579 1742 ex

594 1795 862 1841 aurichalco
896 1796 946 1840 in
981 1792 1118 1841 usum
1152 1792 1358 1840 lustralis
1381 1809 1532 1855 aquae
1555 1800 1605 1840 et
1629 1794 1907 1840 benedi6tae
1941 1793 2345 1840 circumferendae
2380 1809 2490 1840 cum
2513 1794 2582 1842 as-

594 1892 811 1966 persorio:
881 1893 1031 1940 Dedit
1055 1899 1105 1940 et
1128 1893 1223 1939 duo
1246 1893 1378 1954 paria
1400 1908 1684 1955 organorum
1718 1889 2014 1939 muficalium
2033 1907 2047 1947 ;
2082 1892 2198 1939 duas
2232 1907 2422 1953 quoque
2444 1891 2581 1940 sellas

595 1991 675 2038 seu
692 1967 952 2047 cathedras,
973 1992 1145 2053 quibus
1164 1997 1333 2038 cantor
1349 1997 1400 2038 et
1414 1990 1665 2038 succentor
1686 1991 1817 2038 chori
1835 1991 2004 2038 diebus
2018 1989 2288 2037 sermonum
2307 1989 2579 2038 insiderent.

665 2091 781 2137 Non
805 2088 874 2137 est
896 2091 1299 2152 praetereundum
1321 2088 1511 2137 filentio
1543 2105 1636 2151 quo
1670 2091 1808 2151 pacto
1831 2090 2047 2137 tabulam
2071 2087 2297 2137 statuaria
2314 2096 2363 2136 et
2386 2092 2581 2151 pi&oria

598 2198 700 2238 arte
724 2191 1001 2237 deauratam
1024 2191 1074 2236 in
1091 2189 1264 2237 sacello
1282 2188 1437 2236 Divae
1456 2188 1672 2251 Virginis
1697 2195 1746 2235 et
1766 2188 1942 2236 Matris
1964 2190 2092 2250 apud
2110 2189 2298 2251 Kynlos
2321 2188 2579 2236 collocarit.

599 2290 678 2336 Ita
700 2289 871 2336 melius
895 2289 1171 2351 intelligent
1202 2286 1389 2350 posteri,
1415 2303 1558 2348 quam
1581 2293 1858 2349 promptum
1882 2285 1941 2333 fit
1964 2287 2259 2342 benefacere,
2295 2285 2330 2333 fi
2354 2290 2459 2348 quis
2482 2290 2582 2334 ani-

598 2405 731 2435 mum
760 2389 1024 2435 intenderit
1046 2385 1210 2442 suum;
1245 2403 1272 2433 e
1297 2383 1490 2441 diverso,
1515 2387 1597 2447 qui
1631 2387 1789 2433 ocium
1823 2385 2072 2440 sectantur,
2097 2402 2207 2433 cum
2231 2386 2351 2433 nihil
2374 2388 2582 2433 audeant

600 2490 774 2551 magni,
798 2487 967 2535 saltem
991 2488 1198 2548 optimos
1220 2492 1271 2533 et
1295 2487 1355 2533 ad
1377 2482 1697 2533 honestiffima
1719 2500 1935 2546 quaeque
1958 2486 2172 2532 intentos
2190 2487 2314 2532 viros
2335 2484 2418 2532 sua
2441 2486 2582 2532 laude

600 2603 698 2634 non
732 2587 1034 2634 fraudabunt.
1114 2584 1420 2632 Consecravit
1453 2585 1601 2646 igitur
1624 2582 1862 2644 Deiparae
1887 2583 2078 2645 Virgini
2112 2584 2327 2631 tabulam
2362 2586 2581 2631 omnibus

603 2687 814 2733 numeris
838 2688 912 2745 (ut
936 2686 1098 2732 videre
1121 2682 1210 2746 est)
1235 2679 1755 2731 commendatiffimam.
1825 2681 1891 2728 Et
1926 2681 2137 2743 ejusdem
2171 2684 2326 2744 operis
2348 2684 2581 2729 minorem

605 2785 774 2841 multo,
815 2786 865 2831 in
914 2783 1086 2831 sacello
1131 2781 1200 2829 sui
1235 2782 1496 2829 ambulacri
1547 2780 1776 2828 tabellam
1816 2781 1877 2827 ad
1921 2778 2057 2827 usum
2086 2783 2310 2843 privatae
2354 2782 2581 2828 orationis

604 2882 823 2945 reposuit.
891 2883 1109 2930 Advexit
1132 2897 1321 2942 quoque
1342 2878 1523 2928 statuas
1545 2886 1643 2927 tres
1677 2880 1935 2926 admodum
1958 2877 2178 2926 venustas
2197 2895 2209 2935 ;
2244 2895 2388 2927 unam
2413 2880 2583 2927 Serva-

606 2985 735 3038 toris,
760 2997 903 3043 quam
938 2981 1188 3028 columnae
1211 2981 1355 3028 turris
1378 2994 1716 3041 campanarum
1739 2979 1799 3025 ad
1821 2976 1991 3024 summi
2019 2978 2182 3025 altaris
2214 2980 2433 3026 dextram
2456 2979 2583 3039 adje-

609 3084 706 3134 cit;
740 3082 941 3128 alteram
976 3081 1073 3127 divi
1097 3079 1396 3142 Hieronymi,
1420 3093 1564 3140 quam
1597 3076 1809 3124 finistrae
1839 3077 2091 3125 columnae
2122 3093 2150 3124 e
2179 3079 2375 3140 regione
2407 3073 2580 3123 Christi

611 3177 817 3226 stantem
850 3180 1090 3234 admovit;
1136 3179 1331 3226 tertiam
1354 3193 1466 3224 vero
1495 3178 1633 3224 divae
1656 3175 1843 3231 Annae,
1868 3177 1919 3223 in
1935 3175 2111 3231 ,fiscello
2135 3176 2350 3238 proxime
2382 3176 2443 3223 ad
2476 3191 2582 3236 por-

611 3286 711 3326 tam
744 3279 972 3339 majorem
1006 3278 1176 3339 templi
1199 3293 1293 3338 qua
1318 3281 1455 3338 parte
1477 3274 1548 3324 est
1571 3276 1621 3322 in
1642 3273 2017 3336 septentrionem
2051 3272 2331 3336 prospeams,
2359 3272 2579 3335 reposuit.
