2938 3762
588 446 648 492 70
985 504 988 507 ἱ
1220 438 1551 487 HISTORIA
1589 438 1934 488 ABBATUM

584 571 837 620 oscitantia
859 573 1226 618 intermortuam
1249 569 1544 633 religionem,
1569 571 1620 617 in
1640 572 1894 618 decentem
1919 571 2135 619 ordinem
2153 570 2402 621 restituere
2423 583 2564 635 prout

583 670 796 732 sequitur
811 670 1058 716 laboravit.
1127 668 1187 714 In
1206 669 1371 730 primis
1387 670 1626 717 morbidas
1643 669 1827 730 aliquot
1851 685 1963 717 oves
1988 671 2048 717 de
2069 669 2151 717 suo
2173 687 2330 734 grege,
2354 673 2561 729 hortatu,

584 776 635 817 et
659 771 785 816 vitae
820 767 1074 829 exemp103
1110 768 1297 823 deinde,
1323 769 1406 815 ubi
1438 767 1602 816 salutis
1635 768 1767 832 spem
1802 771 1934 817 videt
1958 770 2267 832 deploratam,
2293 773 2438 819 etiam
2470 773 2562 819 levi

585 868 797 915 cauterio
835 865 1086 913 restituere
1127 872 1328 913 conatus
1368 864 1450 914 est.
1543 865 1748 915 Vidiss'es
1786 867 1947 915 statim
1981 869 2258 917 aberrantes
2297 871 2411 916 olim
2454 887 2564 918 oves

584 964 782 1029 pastoris
803 966 1059 1028 prudentia
1093 981 1148 1012 ac
1181 966 1484 1013 humanitate
1519 964 1800 1028 resipiscere,
1836 973 1887 1014 et
1910 969 2072 1014 omnia
2103 969 2154 1014 in
2187 969 2360 1017 melius
2394 969 2562 1017 senfim

585 1066 814 1113 converti.
873 1064 987 1112 Huc
1005 1065 1152 1111 etiam
1169 1061 1372 1119 acoeffit,
1396 1073 1453 1111 ut
1470 1066 1671 1112 fratrum
1690 1081 1945 1113 numerum
1968 1067 2019 1112 in
2043 1065 2232 1128 Kynlos
2249 1071 2563 1131 perexiguum

584 1168 634 1211 in
670 1166 923 1212 decentem
960 1162 1355 1224 numerosamque
1394 1163 1694 1211 sodalitatem
1729 1162 1994 1227 surrigeret.
2082 1165 2297 1213 Primum
2338 1184 2480 1228 quam
2515 1171 2565 1215 in

586 1266 810 1312 abbatem
834 1259 1158 1325 designaretur
1180 1263 1401 1308 dominus
1423 1263 1643 1318 Thomas,
1669 1265 1749 1309 vix
1768 1265 2130 1324 quatuordecim
2148 1266 2318 1313 fratres
2336 1268 2386 1313 in
2404 1283 2566 1315 mona·

586 1363 727 1411 sterio
759 1363 1075 1416 videbantur;
1115 1359 1279 1423 postea
1302 1376 1413 1407 vero
1438 1363 1608 1424 viginti
1643 1369 1727 1410 aut
1759 1363 1932 1424 plures,
1958 1379 2067 1411 cum
2092 1381 2189 1411 uno
2213 1365 2410 1413 detonso
2445 1367 2565 1414 laico

588 1464 753 1524 (quem
787 1458 1064 1509 conversum
1100 1460 1286 1522 dicunt)
1321 1467 1554 1521 perpetuo
1589 1462 1889 1509 adnumerati
1923 1462 2048 1510 sunt.
2117 1463 2196 1519 Et,
2232 1479 2294 1511 ne
2327 1472 2469 1526 putes
2499 1468 2567 1513 ita

586 1577 842 1609 numerum
875 1560 1216 1606 monachorum
1248 1556 1498 1606 accrevisse
1533 1566 1588 1606 ut
1622 1566 1786 1607 tamen
1825 1561 2004 1622 aliquid
2039 1563 2099 1608 de
2127 1564 2254 1610 νὶἃιι
2289 1579 2453 1610 eorum
2488 1566 2569 1611 de-

587 1662 793 1709 tractum
827 1657 899 1714 fit,
935 1658 1261 1719 quotidianam
1297 1658 1443 1704 etiam
1485 1658 1762 1706 alimoniam
1796 1674 1907 1706 cum
1947 1657 2056 1721 ipfis
2089 1661 2360 1709 hominibus
2394 1664 2570 1710 auctio-

587 1776 690 1807 rem
724 1758 898 1806 effecit.
967 1756 1026 1803 In
1062 1757 1230 1803 diebus
1264 1758 1491 1811 carnium,
1526 1754 1722 1819 singulis
1756 1759 2110 1814 monachorum,
2139 1767 2329 1821 praeter
2351 1768 2568 1809 veterum

589 1858 997 1911 consuetudinem,
1034 1860 1239 1917 quatuor
1273 1855 1491 1902 denarios
1514 1856 1704 1916 adjecit.
1774 1856 1959 1903 Diebus
1983 1872 2094 1904 vero
2119 1859 2291 1918 quibus
2313 1859 2569 1907 vescuntur

591 1959 628 1998 A
647 1948 925 2009 lagano‘amxo·
984 1954 1202 2017 piscibus,
1240 1955 1499 2015 unicuique
1539 1955 1788 2002 denarium
1835 1954 2091 2018 adscripsit.
2183 1958 2312 2013 Quid
2349 1960 2409 2006 de
2444 1975 2568 2021 pane

590 2030 699 2082 γικῶς
760 2028 930 2078 laganar-

593 2101 601 2108 ,
984 2053 1184 2114 loquar?
1254 2053 1367 2099 Mos
1407 2053 1500 2099 fuit
1540 2058 1667 2108 ante,
1703 2053 1802 2100 lato
1848 2069 1984 2114 pane,
2031 2056 2121 2101 hoc
2169 2054 2251 2111 est,
2293 2057 2462 2119 lagano
2509 2075 2567 2104 ex

592 2112 769 2150 ium‚quo
781 2103 888 2148 pacto
908 2110 931 2134 a
1740 2116 1761 2127 Α

595 2171 741 2221 ptisana
758 2169 940 2220 ptisanar-
995 2153 1158 2199 avenis
1191 2153 1251 2198 ad
1276 2152 1436 2213 ignem
1470 2150 1609 2212 super
1632 2151 1872 2214 laganario
1899 2153 2117 2208 formato,
2153 2156 2397 2202 monachis
2421 2156 2568 2204 vesci:

593 2237 934 2348 ssmrgtzsinggait
988 2266 1131 2304 nunc,
1154 2250 1366 2296 Thomae
1389 2250 1575 2296 abbatis
1616 2250 1919 2297 humanitate
1953 2249 2092 2297 fimul
2124 2258 2174 2298 et
2209 2251 2449 2309 industria,
2487 2272 2570 2316 per

635 2324 657 2348 o
773 2338 785 2354 ‚
867 2337 877 2346 .
925 2335 935 2345 .

591 2376 938 2428 Sermonum.[Sat.
993 2347 1201 2410 singulos
1262 2349 1432 2395 fratres
1493 2349 1629 2409 panis
1688 2349 2019 2396 frumenticius
2076 2352 2324 2398 unciarum
2374 2355 2572 2416 triginta

599 2449 876 2501 II.2·1·2·.155.]
934 2472 940 2499 a
996 2449 1197 2495 duarum
1221 2447 1435 2508 quotidie
1458 2444 1661 2494 acceffit.

664 2549 774 2596 Nec
797 2563 909 2595 eum
940 2548 1172 2594 deterruit
1195 2552 1439 2594 tantorum
1465 2547 1566 2593 vita
1587 2546 1804 2593 laborum
1828 2545 1968 2608 supra
1989 2548 2185 2595 modum
2219 2548 2571 2611 impeditiffima

601 2655 652 2695 et
677 2646 806 2709 quafi
830 2647 987 2694 alieno
1011 2662 1120 2694 aere
1143 2642 1365 2708 oppressa,
1389 2651 1446 2692 ut
1470 2646 1615 2692 etiam
1639 2646 1700 2692 de
1723 2643 2036 2693 instaurandis
2070 2647 2162 2694 loci
2192 2649 2416 2696 aedificiis
2450 2652 2576 2713 cogi-

599 2735 753 2794 taret(
827 2746 907 2793 Ita
941 2746 1024 2792 ille
1063 2746 1124 2792 ab
1160 2746 1362 2791 ineunte
1401 2750 1562 2790 aetate
1600 2745 1747 2790 vitam
1788 2742 1919 2791 suam
1959 2745 2246 2793 formaverat
2286 2748 2346 2794 ad
2386 2750 2572 2809 quidvis

600 2844 785 2893 honesti
825 2859 987 2892 curam
1022 2842 1330 2896 subeundam,
1371 2848 1427 2888 ut
1460 2843 1642 2904 gratius
1676 2841 1747 2889 illi
1780 2840 1964 2904 semper
2003 2844 2148 2890 fuerit
2188 2846 2238 2891 in
2283 2847 2573 2907 reipublicae

601 2946 711 2992 suae
746 2944 1082 3006 compendium
1117 2942 1280 2988 durius
1317 2943 1476 2988 vivere
1510 2956 1654 3002 quam
1688 2941 1864 3002 alioqui
1898 2957 1984 3003 per
2007 2943 2304 3004 voluptatem
2339 2945 2399 2992 de
2421 2945 2573 2992 officio

604 3053 654 3090 et
678 3045 792 3090 recti
815 3059 929 3090 cura
951 3039 1204 3089 discedere.
1273 3040 1334 3087 In
1356 3040 1520 3102 primis
1544 3040 1691 3102 igitur
1713 3040 1950 3101 templum
1974 3040 2126 3103 ipsum
2151 3040 2388 3091 vetustate
2409 3042 2574 3091 secun·
2629 3027 2631 3030 .

607 3143 721 3189 dum
760 3140 1049 3188 testudinem
1088 3145 1362 3202 corruptam
1397 3135 1609 3200 postibus
1651 3139 1879 3186 decenter
1917 3139 2080 3201 politis
2115 3139 2253 3202 supra
2290 3142 2486 3188 chorum
2524 3150 2574 3189 et

606 3243 656 3287 in
691 3254 1028 3301 campanarum
1051 3239 1173 3287 turri
1201 3237 1509 3293 instauravit;
1544 3254 1599 3285 ac
1635 3243 1793 3285 totum
1829 3238 2066 3300 templum
2100 3238 2359 3287 secundum
2393 3243 2573 3290 tectum
