2938 3762
979 442 1418 495 MONASTERII
1454 447 1502 494 A
1541 448 1840 498 KYNLOS.
2332 470 2391 511 ⁶25

416 567 476 615 ab
512 568 796 627 Inveralien,
831 574 1047 634 proxime
1087 576 1146 621 ad
1188 577 1432 624 defluxum
1467 578 1620 640 Speae
1661 583 1825 637 amniS,
1867 598 1983 644 quas
2023 601 2149 634 nunc
2190 602 2387 653 occupat

414 668 445 714 J
448 670 623 716 acobus
665 670 867 726 Granth,
909 671 1252 721 consuetudine
1290 679 1440 739 magis
1476 681 1724 738 tyrannica
1757 683 1988 743 majorum
2020 684 2206 734 suorum
2249 705 2387 750 quam

405 769 515 828 jure
539 769 715 830 aliquo.

536 1063 779 1113 DoMINUs
801 1044 1012 1111 THOMAS
1036 1099 1043 1106 »
1477 1105 1488 1124 ,
1514 1070 1685 1120 ABBAs
1707 1088 1737 1119 A
1762 1073 1974 1124 KYNLos
1998 1078 2266 1137 SEPTIMUS,

809 1163 945 1211 Obiit
971 1169 998 1211 3
1025 1164 1154 1211 Non.
1182 1166 1437 1223 Februarii,
1461 1168 1606 1216 Anno
1632 1171 1827 1219 Domini
1856 1179 1995 1222 1258.

478 1361 625 1408 Anno
650 1378 761 1409 vero
797 1362 995 1409 Domini
1024 1367 1162 1418 1255,
1189 1364 1429 1412 Robertus
1464 1365 1721 1429 Episcopus
1756 1368 1993 1419 Roffenfis
2021 1377 2223 1423 contulit
2249 1378 2387 1425 Mon-

411 1459 580 1508 asterio
604 1478 633 1508 a
655 1461 845 1524 Kynlos
869 1461 1131 1511 Ecclesiam
1154 1466 1348 1511 nomine
1372 1465 1577 1512 Awacht
1601 1469 1650 1513 in
1675 1466 1846 1515 Roffia.

507 1758 752 1805 DoM1Nus
789 1758 974 1806 SYMON
1437 1798 1448 1816 ,
1484 1762 1654 1810 ABBAS
1689 1779 1756 1811 DE
1789 1765 2002 1815 KYNLos
2038 1769 2284 1827 OCTAVUS,

874 1858 1010 1905 Obiit
1039 1863 1097 1905 12
1123 1859 1223 1906 Cal.
1251 1860 1386 1915 Maii,
1413 1861 1557 1908 Anno
1583 1862 1776 1910 Domini
1804 1868 1940 1916 1269.
2014 1882 2019 1887 ·

478 2057 592 2103 Fuit
616 2059 655 2104 is
679 2060 780 2105 vita
802 2064 853 2105 et
876 2060 1087 2106 moribus
1122 2058 1451 2115 ornatiffimus,
1489 2067 1538 2107 et
1572 2064 1630 2108 ad
1665 2064 1943 2126 religionem
1979 2066 2186 2128 appofite
2221 2072 2380 2118 factus.

411 2158 527 2205 Non
552 2157 723 2204 desunt
747 2159 829 2219 qui
852 2160 1128 2220 praedicent
1151 2159 1382 2206 summam
1405 2161 1545 2222 hujus
1569 2163 1772 2209 hominis
1796 2166 2122 2213 eruditionem.

473 2242 579 2304 Sub
614 2259 806 2304 initium
829 2255 961 2304 istius
993 2257 1200 2305 Abbatis
1235 2257 1345 2305 arfit
1378 2259 1723 2307 Monasterium
1758 2279 1786 2309 a
1808 2263 1994 2325 Kynlos
2029 2282 2151 2312 anno
2187 2267 2380 2315 Domini

413 2362 552 2404 1258.
624 2356 835 2418 Hujusce
858 2359 927 2404 rei
952 2356 1116 2404 causae
1140 2359 1429 2420 ignorantur,
1465 2358 1548 2404 nifi
1584 2360 1758 2406 famam
1781 2377 1809 2407 a
1831 2363 2083 2422 majoribus
2107 2367 2155 2410 in
2188 2365 2379 2426 posteri-

409 2464 561 2504 tatem
586 2455 863 2504 transsatam
886 2459 1153 2519 recipimUS,
1179 2474 1300 2518 quae
1325 2460 1463 2504 docet
1487 2459 1534 2504 id
1559 2457 1798 2521 contigisse
1821 2476 1906 2521 per
1928 2464 2228 2510 monedulam
2264 2467 2376 2512 dum

408 2557 544 2603 suum
568 2555 881 2603 constitueret
904 2558 1071 2603 nidum
1096 2563 1146 2603 et
1169 2559 1218 2603 in
1244 2572 1353 2603 eum
1378 2554 1642 2617 conjecisset
1666 2559 1911 2604 ardentem
1936 2559 2175 2608 festucam.

476 2656 541 2702 Et
561 2657 620 2703 ad
638 2655 1030 2703 instaurationem
1049 2657 1154 2711 loci,
1182 2655 1361 2702 Muriel
1385 2657 1482 2703 filia
1500 2657 1631 2703 Petri
1656 2659 1713 2703 de
1739 2657 1935 2704 Polloch
1960 2666 2009 2705 et
2032 2676 2151 2707 uxor
2170 2661 2374 2708 Walteri

410 2757 649 2803 Murdach
673 2758 733 2803 ad
757 2772 874 2817 opus
898 2756 1104 2803 fabricae
1123 2754 1346 2802 ecclefiae
1364 2771 1392 2801 a
1409 2755 1594 2816 Kynlos
1613 2762 1806 2803 centum
1823 2755 1991 2803 solidos
2010 2758 2222 2805 Scoticos
2238 2759 2375 2820 super

410 2857 700 2902 Dundurcus
735 2856 955 2911 contulit,
985 2854 1185 2902 testibus
1210 2856 1400 2901 domino
1424 2854 1620 2901 Andrea
1643 2854 1855 2916 episcopo
1881 2856 2178 2912 Moravienfi,
2216 2858 2374 2905 Frese-

408 2958 522 3002 kino
559 2957 750 3010 decano,
788 2955 998 3017 Hugone
1022 2955 1081 3001 de
1105 2954 1320 3016 Dufglas,
1357 2954 1565 3000 Ranulfo
1601 2954 1768 3000 clerico
1803 2955 1979 3000 domini
2014 2954 2229 3017 episcopi,
2266 2957 2373 3004 Ma-

406 3054 550 3118 gistro
586 3055 798 3102 Henrico
833 3051 1036 3115 phyfico,
1078 3053 1290 3099 Roberto
1332 3053 1501 3098 vicario
1545 3053 1603 3098 de
1644 3052 1830 3107 Duffus,
1867 3051 2094 3114 Magistro
2137 3054 2368 3112 Eduardo,

410 3155 614 3202 Nicolao
638 3154 913 3216 cappellano
939 3153 997 3198 de
1022 3152 1248 3212 Rathoys‚
1273 3150 1493 3198 Roberto
1518 3151 1791 3212 cappellano
1817 3152 1874 3197 de
1893 3151 2138 3214 Brethuly.
