2938 3762
1294 469 1538 531 [61]

486 790 714 843 THoMAs,
734 791 860 850 apud
885 790 1075 837 Culross
1098 791 1294 838 honesto
1319 794 1423 840 loco
1442 802 1595 850 natus,
1621 804 1840 856 parentes
1863 800 2029 847 habuit
2053 818 2161 848 cum
2186 804 2389 865 frugales

421 894 526 934 tum
545 891 659 949 pios,
677 905 737 935 ex
758 887 1097 951 Crystallorum
1114 897 1275 938 vetere
1292 890 1403 939 satis
1422 894 1626 950 familia3
1651 898 1730 955 qui
1748 913 1857 943 cum
1876 900 2090 947 viderent
2110 918 2218 948 eum
2237 903 2389 950 bonae

418 986 516 1048 spei
539 1003 740 1048 puerum
764 987 924 1035 statim
949 990 1103 1036 adhuc
1126 991 1421 1051 impuberem
1444 1009 1540 1040 una
1562 1010 1670 1040 cum
1693 1011 1917 1057 germano
1941 997 2023 1044 suo
2046 999 2241 1047 Andrea
2272 1009 2389 1048 natu

419 1087 596 1147 majore
626 1088 777 1134 literis
801 1105 855 1135 ac
879 1090 1088 1136 moribus
1112 1091 1410 1137 formandum
1445 1093 1755 1140 tradiderunt.
1824 1095 1941 1142 Erat
1964 1102 2068 1143 tum
2091 1101 2316 1160 temporis
2339 1102 2389 1146 in

419 1184 701 1233 monasterio
733 1204 762 1234 a
793 1187 983 1235 Culross
1007 1191 1078 1235 vir
1111 1191 1161 1235 in
1195 1191 1358 1250 primis
1391 1191 1620 1253 religione
1655 1191 1980 1250 ornatiffimus,
2017 1203 2067 1242 et
2102 1196 2175 1256 (ut
2209 1199 2391 1245 ferebat

418 1285 501 1331 illa
524 1292 669 1341 aetas,
694 1287 754 1333 ad
778 1288 997 1333 meliores
1021 1287 1182 1334 literas
1205 1289 1382 1348 rudior)
1406 1290 1457 1334 in
1475 1289 1726 1336 elementis
1743 1294 2072 1352 grammatices
2089 1295 2211 1341 bene
2230 1297 2391 1343 doetus

420 1386 640 1431 dominus
674 1385 880 1432 Thomas
921 1393 1238 1448 cognomento
1281 1385 1468 1442 Person,
1510 1387 1719 1447 ejusdem
1755 1389 2025 1437 monasterii
2060 1391 2283 1453 professus
2318 1394 2392 1453 (ut

419 1486 612 1544 vocant)
649 1486 923 1531 monachus.
994 1485 1123 1531 Huic
1158 1486 1363 1532 traditus
1398 1484 1466 1532 est
1500 1502 1608 1533 cum
1638 1489 1782 1534 fratre
1817 1505 1845 1535 a
1877 1492 2153 1550 parentibus
2175 1492 2389 1539 Thomas.

420 1584 486 1630 Et
520 1591 576 1630 ut
611 1590 714 1630 erat
749 1581 1043 1645 capaeiffimo
1078 1586 1271 1646 ingenio
1304 1600 1435 1645 puer,
1471 1586 1540 1632 ita
1575 1588 1786 1633 animum
1820 1589 1879 1634 ad
1903 1590 2195 1636 imbibendas
2230 1591 2390 1637 literas

418 1699 561 1743 quam
607 1683 777 1729 lubens
826 1684 1052 1737 admovit,
1099 1699 1153 1730 ac
1198 1699 1342 1744 parvo
1384 1686 1610 1744 temporis
1656 1686 1888 1732 curriculo
1927 1693 2117 1733 tantum
2156 1690 2390 1749 promovit

419 1781 651 1836 discendo,
676 1782 975 1843 utbaequales
1000 1780 1105 1828 suos
1130 1798 1306 1837 omnes,
1332 1784 1477 1828 etiam
1501 1799 1777 1844 germanum
1797 1783 2042 1831 Andream
2059 1786 2213 1833 multo
2235 1786 2388 1847 spacio

418 1887 755 1929 anteverteret.
826 1881 883 1927 Id
919 1897 1066 1942 quum
1091 1883 1307 1928 viderent
1340 1887 1574 1943 parentes,
1610 1898 1698 1928 nec
1732 1882 1881 1929 latere
1913 1881 2062 1944 poss'et
2086 1885 2297 1931 divinum
2319 1887 2390 1931 in-

418 1983 627 2044 genium,
662 1982 890 2041 majorem
918 1982 1020 2042 jam
1051 1988 1156 2027 tum
1185 1980 1314 2041 spem
1347 1982 1406 2027 de
1435 1997 1581 2042 puero
1607 1983 1940 2053 concipientes,
1965 1984 2221 2030 amicorum
2245 1986 2389 2031 etiam

418 2082 614 2127 hortatu
651 2097 678 2126 e
715 2079 884 2126 scholis
920 2082 1337 2142 grammaticorum
1379 2079 1706 2141 (praepropere
1742 2082 1924 2141 tamen)
1961 2082 2209 2136 revellunt,
2245 2089 2296 2128 et
2331 2083 2389 2129 ad

418 2182 605 2242 praxim
629 2179 857 2226 muficam
881 2180 1246 2240 comparandam
1270 2177 1582 2240 transponunt
1601 2195 1612 2234 ;
1646 2176 1742 2225 five
1765 2184 1870 2224 tum
1894 2179 1963 2225 illi
1990 2181 2058 2226 ita
2074 2178 2390 2227 existimarint

419 2295 531 2326 eum
565 2276 691 2339 posse
719 2280 808 2325 hac
832 2280 909 2325 via
930 2280 981 2324 in
1003 2279 1201 2340 gradum
1237 2278 1444 2337 aliquem
1474 2275 1837 2323 ecclesiasticum
1861 2278 2094 2332 invadere,
2129 2276 2222 2324 five
2246 2278 2389 2339 <quod

419 2380 571 2439 magis
605 2378 906 2438 crediderim)
941 2376 1106 2422 Divini
1141 2376 1367 2421 Numinis
1406 2376 1674 2435 benignitas
1708 2376 1767 2421 ad
1805 2391 1860 2421 ea
1893 2390 2013 2434 quae
2039 2375 2248 2435 'sequuta
2280 2375 2389 2423 sunt

419 2478 557 2523 illum
576 2475 639 2523 fic
659 2475 927 2522 destinarat.
987 2475 1110 2521 Cum
1129 2472 1243 2520 efl‘et
1262 2476 1407 2535 igitur
1425 2472 1628 2518 Thomas
1646 2474 1694 2518 in
1713 2478 1872 2519 aetate
1890 2474 2043 2519 adhuc
2062 2473 2144 2529 illa
2160 2472 2387 2520 tenerius-

420 2577 540 2630 cula,
576 2591 673 2621 non
696 2576 914 2635 ineptum
949 2575 1192 2619 hominem
1216 2579 1265 2619 et
1289 2574 1338 2618 in
1361 2570 1548 2618 muficis
1575 2568 1918 2632 peritiffimum,
1955 2570 2249 2618 Gulielmum
2272 2572 2386 2618 Rait

421 2678 576 2722 virum
615 2675 790 2721 laicum
827 2680 877 2719 et
918 2674 1104 2719 abbatis
1138 2688 1166 2719 a
1199 2670 1388 2718 Culross
1428 2672 1621 2717 fratrem
1660 2685 1938 2731 germanum
1978 2671 2172 2715 audivit.
2239 2669 2386 2731 Apud

419 2776 547 2821 hunc
572 2774 734 2834 paucis
757 2770 997 2818 mensibus
1021 2773 1070 2816 in
1094 2777 1286 2817 tantum
1309 2771 1521 2830 profecit,
1542 2775 1596 2814 ut
1620 2769 1758 2814 facile
1782 2769 2022 2814 videretur
2038 2784 2066 2814 a
2082 2773 2250 2814 natura
2271 2768 2385 2815 illuc

422 2874 606 2920 deduci.
676 2871 902 2917 Habebat
925 2885 1009 2930 pro
1034 2875 1146 2915 voto
1170 2884 1390 2916 canoram
1414 2867 1551 2913 fimul
1575 2873 1624 2913 et
1648 2865 1927 2926 crispantem
1951 2881 2126 2919 vocem,
2161 2882 2215 2912 ac
2251 2866 2383 2913 nullo

421 2977 597 3019 conatu
621 2985 730 3016 cum
754 2968 847 3014 suis
871 2968 1147 3028 aequalibus
1171 2968 1239 3013 ita
1255 2953 1600 3019 modulabatur,
1624 2971 1680 3011 ut
1697 2965 1873 3010 multos
1891 2964 2123 3024 spe&atae
2142 2964 2385 3026 dignitatis

422 3073 546 3118 viros
569 3071 629 3117 ad
652 3069 700 3115 se
724 3068 980 3115 amandum
1009 3066 1265 3112 induxerit.
1336 3064 1550 3109 Primum
1574 3063 1700 3109 illius
1724 3064 1813 3109 loci
1838 3063 1980 3109 abbas
2004 3063 2224 3108 dominus
2246 3062 2385 3109 Jaco-

422 3173 512 3217 bus
536 3169 648 3217 Bait
676 3168 749 3227 (ut
774 3169 850 3213 cui
875 3167 933 3212 de
956 3181 1103 3226 puero
1128 3161 1274 3210 effent
1302 3160 1538 3209 notiffima
1560 3164 1735 3223 omnia)
1759 3160 1967 3222 impense
1991 3162 2089 3222 egit
2112 3162 2172 3207 de
2205 3161 2385 3208 Thoma

422 3272 472 3316 in
495 3268 685 3315 suorum
720 3266 1059 3312 monachorum
1083 3278 1281 3309 numero
1316 3263 1597 3322 recipiendo.
1666 3260 1738 3307 At
1762 3276 1926 3321 parum
1951 3261 2066 3306 favit
2090 3259 2159 3305 illi
2184 3260 2384 3314 fortuna,
