2938 3762
974 467 1413 517 MONASTERII
1447 471 1495 518 A
1530 472 1828 523 KYNLOS.
2317 490 2377 535 77

483 592 541 637 In
567 592 897 641 constituenda
929 594 1205 644 selectorum
1240 602 1455 648 codicum
1489 604 1788 659 bibliotheca,
1821 606 1880 652 ad
1903 622 2044 666 quam
2078 614 2182 656 toto
2215 610 2378 672 spiritu

418 692 568 737 fertur
607 692 848 740 Robertus
885 695 1042 750 abbaS,
1078 711 1174 743 non
1207 697 1363 745 levem
1398 702 1544 748 etiam
1577 718 1767 763 operam
1806 702 2052 765 praestitit.
2121 707 2180 753 In
2216 710 2377 769 primis

417 792 602 837 invexit
643 791 802 839 Vetus
842 808 896 839 ac
939 809 1116 840 novum
1156 793 1494 844 testamentum
1538 799 1619 846 sex
1663 802 1977 849 voluminibus
2022 820 2131 852 cum
2173 810 2377 869 receptis

418 889 511 934 illis
556 887 714 951 gloffis
760 888 1043 947 distinctum,
1092 899 1294 954 quatuor
1334 895 1581 944 Vincentii
1620 899 1871 954 volumina,
1909 903 2000 948 tria
2038 902 2377 952 Chronicorum

418 986 669 1043 Antonini,
717 991 809 1035 tria
849 990 1167 1051 Epistolarum
1214 994 1309 1039 divi
1350 994 1644 1057 Hieronymi,
1686 997 1844 1059 Opera
1888 1000 2057 1047 deinde
2097 1001 2377 1065 Hieronymi

418 1089 627 1148 quinque
643 1089 975 1145 voluminibus,
996 1090 1155 1152 Opera
1169 1091 1407 1139 Ambrofii
1437 1095 1632 1151 duobus,
1649 1095 1807 1168 Opera
1824 1097 2138 1157 Chrysostomi
2162 1108 2374 1162 quatuor,

419 1187 637 1250 Gregorii
661 1204 770 1243 uno,
796 1194 845 1235 et
870 1190 1020 1235 altero
1044 1190 1287 1247 Bernardi,
1325 1193 1572 1240 Summam
1596 1194 1852 1254 Aquinatis
1874 1212 1983 1250 uno,
2020 1197 2375 1246 Sententiarum

418 1289 783 1334 commentarios
819 1287 951 1335 Scoti
993 1289 1190 1345 duobus,
1233 1291 1509 1338 Sententiae
1542 1292 1573 1338 J
1577 1294 1740 1339 oannis
1774 1293 1970 1354 Majoris
2008 1297 2202 1352 duobus,
2238 1298 2376 1345 Com-

417 1388 676 1432 mentarios
699 1386 957 1447 Aquinatis
987 1390 1037 1433 in
1071 1386 1292 1449 epistolas
1316 1391 1411 1435 divi
1437 1389 1575 1436 Pauli
1609 1391 1805 1446 duobuS,
1830 1391 2152 1454 Augustinum
2186 1397 2245 1442 de
2268 1398 2379 1443 civi-

418 1492 520 1532 tate
545 1485 639 1531 Dei
674 1491 723 1531 et
747 1486 982 1532 Trinitate
1006 1502 1115 1540 uno,
1139 1487 1315 1533 Totum
1337 1489 1418 1549 jus
1452 1489 1748 1548 pontificium
1783 1506 1892 1536 cum
1926 1489 2145 1552 gloffulis,
2182 1500 2229 1539 et
2264 1494 2378 1540 alios

418 1585 685 1646 complures
708 1584 977 1631 sermonum
1001 1585 1214 1641 libellos;
1247 1602 1367 1646 quae
1393 1588 1551 1634 omnia
1574 1589 1624 1633 in
1647 1603 1769 1634 nova
1791 1589 2085 1645 bibliotheca,
2111 1597 2160 1637 et
2179 1593 2227 1637 in
2246 1590 2378 1637 usum

417 1684 712 1731 studentium
752 1687 802 1730 in
842 1682 1123 1731 monasterio
1164 1682 1466 1732 asservantur.
1560 1686 1755 1733 Curavit
1801 1693 1850 1733 et
1896 1689 1988 1734 duo
2034 1689 2274 1736 volumina
2329 1692 2377 1735 in

416 1785 718 1838 membranis,
754 1781 932 1830 miffale
957 1784 1179 1831 videlicet
1214 1800 1376 1839 unum,
1408 1785 1633 1846 graduale
1667 1785 1882 1840 alterum,
1919 1789 2042 1847 apud
2077 1788 2262 1834 Culrofis
2297 1805 2378 1834 ex-

417 1882 589 1943 scripta
611 1881 693 1928 suo
717 1899 839 1937 aere,
864 1884 923 1929 ad
947 1881 1284 1929 monasterium
1309 1884 1494 1929 adferri.

484 1982 561 2028 De
584 1997 742 2028 annuo
766 1997 877 2028 vero
900 1982 1040 2042 hujus
1068 1980 1338 2028 monasterii
1361 1981 1516 2036 censU,
1551 1998 1647 2028 non
1672 1981 1740 2029 est
1763 1985 1812 2028 in
1836 1984 2031 2044 proclivi
2055 1986 2209 2032 dicere
2233 2001 2378 2045 quan-

417 2087 522 2127 tum
558 2081 759 2127 aliorum
794 2081 1021 2127 abbatum
1055 2081 1347 2142 negligentia
1381 2079 1636 2135 decesserit,
1662 2087 1711 2128 et
1736 2087 1968 2141 quantum
1996 2085 2136 2130 unius
2169 2084 2377 2130 Thomae

418 2180 666 2242 vigilantia
688 2181 960 2226 accreverit.
1029 2179 1127 2225 Res
1145 2178 1214 2225 est
1232 2180 1380 2240 major
1397 2180 1753 2239 intricatiorque
1771 2195 1911 2239 quam
1929 2186 1984 2226 ut
2002 2177 2138 2241 poffit
2160 2182 2378 2228 brevibus

418 2279 681 2339 complecti.
774 2278 871 2324 Hic
910 2284 1074 2324 tamen
1115 2278 1342 2324 tabellam
1387 2276 1762 2339 consignabimus
1808 2295 1971 2325 eorum
2018 2296 2137 2340 quae
2177 2280 2378 2327 Thomas

419 2378 563 2424 abbas
602 2380 652 2423 in
692 2379 830 2423 initio
870 2376 980 2423 suae
1020 2375 1436 2423 administrationis
1477 2377 1732 2430 adinvenit,
1773 2383 1828 2423 ut
1862 2393 1970 2423 cum
2008 2379 2245 2439 duplicata
2275 2380 2376 2438 jam

420 2479 580 2524 omnia
602 2477 837 2524 audiverit
861 2477 1019 2530 lector,
1045 2475 1256 2521 authoris
1279 2475 1580 2535 prudentiam
1605 2481 1654 2520 et
1679 2475 1862 2522 labores
1886 2476 2118 2537 agnoscat.

784 2633 1014 2678 TABELLA
1050 2645 1227 2677 EORUM
1262 2644 1411 2684 QUAE,
1451 2635 1588 2684 1500,
1624 2630 1831 2676 THoMAs
1866 2644 2016 2676 ABBAS

950 2746 1005 2777 IN
1041 2744 1201 2777 CENSU
1237 2746 1267 2775 A
1302 2729 1515 2776 KYNLOS
1550 2743 1849 2774 ADINVENIT.

485 2874 659 2927 Primo,
697 2873 896 2920 Summa
929 2886 1086 2917 annua
1121 2870 1284 2916 firmae
1320 2868 1480 2929 (quam
1516 2869 1705 2929 vocant)
1742 2869 1959 2914 baroniae
1983 2884 2010 2914 a
2033 2867 2231 2928 Kynlos,
2268 2868 2370 2922 fuit,

1952 2966 2100 3011 Marc.
2127 2965 2241 3012 Scot
2268 2970 2373 3012 114.

486 3073 685 3119 Summa
707 3086 865 3117 annua
887 3071 1025 3130 burgi
1048 3085 1076 3116 a
1099 3068 1349 3121 Finderne,
1517 3102 1526 3111 .
1662 3101 1672 3111 .
1806 3100 1816 3111 .
1950 3064 2099 3110 Marc.
2127 3069 2201 3110 20.

487 3173 686 3219 Summa
709 3185 867 3217 annua
888 3169 1110 3215 baroniae
1134 3183 1162 3212 a
1185 3164 1428 3225 Strathily,
1516 3199 1525 3208 .
1661 3198 1670 3207 .
1806 3197 1815 3206 .
1949 3161 2099 3208 Marc.
2128 3165 2233 3213 147.

488 3271 628 3325 Item,
654 3269 795 3316 villae
819 3285 846 3314 a
870 3265 1172 3319 Leithnocht‚
1227 3299 1238 3310 .
1372 3298 1382 3308 .
1518 3297 1527 3307 .
1662 3295 1672 3305 .
1807 3296 1816 3305 .
1951 3259 2100 3306 Marc.
2129 3261 2170 3306 6.
