2938 3762
1258 450 1504 512 [19]

1173 1277 1258 1324 AD
1285 1278 1577 1326 LECTOREM.

455 1477 518 1523 IN
554 1476 906 1538 Supputatione
939 1476 1240 1537 Temporum,
1265 1477 1419 1523 multa
1441 1477 1669 1523 habemus
1693 1492 1752 1523 ex
1778 1477 2120 1540 Martyrologia
2150 1479 2199 1523 in
2223 1478 2356 1539 Kyn-

390 1579 474 1632 los,
500 1585 550 1623 et
585 1577 689 1624 aliis
714 1573 911 1623 vetustis
943 1574 1127 1637 seriptis
1163 1578 1351 1637 quando
1384 1577 1462 1623 hio
1498 1576 1573 1622 vel
1607 1576 1688 1622 ille
1723 1577 1866 1623 abbas
1901 1579 2074 1624 vixerit
2108 1583 2190 1624 aut
2225 1579 2357 1638 quip-

390 1680 518 1739 piam
560 1678 726 1724 fecerit
746 1693 755 1723 ε
797 1677 1024 1738 pleraque
1064 1691 1149 1722 nos
1190 1677 1447 1737 adjecimus
1490 1676 1772 1722 intermedia
1805 1677 1864 1722 ad
1898 1677 2131 1722 calculum
2170 1677 2355 1738 Regum

392 1778 659 1832 Scotorum,
702 1783 752 1823 et
791 1774 1088 1837 hujusmodi3
1129 1791 1190 1821 ne
1231 1776 1352 1821 forte
1389 1772 1447 1821 fit
1487 1777 1568 1835 qui
1611 1776 1861 1835 aliquando
1895 1776 2120 1822 reclamet
2154 1791 2248 1820 non
2283 1792 2357 1821 co-

391 1879 585 1924 haerere
619 1883 848 1937 tempora,
884 1875 1088 1921 liberum
1123 1874 1268 1920 fuerit
1303 1890 1387 1935 per
1420 1890 1497 1920 me
1521 1875 1775 1933 unicuique
1799 1875 1882 1920 ubi
1905 1873 2152 1920 offenderit
2175 1874 2355 1928 melius,

393 1975 552 2023 nostra
575 1991 862 2037 expungere,
888 1980 937 2021 et
961 1975 1045 2021 illa
1066 1972 1309 2035 subjicere.
1379 1973 1511 2020 Vero
1534 1979 1754 2019 tenemus
1777 1987 1997 2019 numeros
2019 1973 2095 2018 hie
2119 1988 2202 2033 per
2225 1979 2359 2019 notas

394 2076 664 2123 numerales
698 2076 865 2121 rubros
889 2076 1034 2121 etiam
1058 2052 1339 2134 majusculos
1374 2068 1697 2133 confignatos:
1746 2071 1980 2132 Inprimis,
2006 2071 2188 2116 abbatis
2223 2072 2358 2130 primi

395 2192 558 2231 annos,
595 2178 675 2236 qui
710 2174 794 2221 sub
830 2175 1021 2220 initium
1057 2174 1347 2219 fundationis
1372 2188 1400 2217 a
1423 2171 1622 2232 Kynlos,
1663 2174 1799 2224 1141,
1825 2171 1993 2230 eoepit,
2020 2171 2189 2215 deinde
2222 2171 2360 2230 periit

401 2282 541 2331 1157,
566 2276 653 2322 eal.
680 2274 863 2322 Martii.

465 2377 546 2422 Ab
565 2391 689 2422 anno
717 2378 858 2428 1157,
877 2374 937 2420 ad
960 2378 1165 2418 mortem
1189 2372 1319 2418 tertii
1344 2371 1527 2417 abbatis
1555 2373 1693 2424 1219,
1713 2366 1782 2414 est
1805 2367 2107 2413 intervallum
2132 2382 2359 2414 annorum

403 2479 476 2531 62,
502 2475 629 2536 quod
652 2476 702 2520 in
726 2474 843 2519 duos
878 2472 1087 2525 abbates,
1122 2469 1379 2517 seeundum
1403 2468 1624 2514 videlieet
1649 2473 1698 2512 et
1721 2468 1917 2513 tertium
1952 2466 2217 2526 eonjefimra
2251 2481 2361 2524 qua-

401 2579 509 2623 dam
533 2575 779 2636 partimur.

466 2676 548 2721 Ab
571 2689 696 2721 anno
724 2675 864 2725 1219,
888 2671 978 2716 hoe
1003 2666 1085 2723 est,
1111 2669 1170 2714 ab
1194 2668 1330 2713 initio
1356 2665 1609 2726 Radulphi,
1635 2666 1789 2725 quarti
1825 2665 2007 2710 abbatis
2031 2679 2058 2708 a
2082 2662 2277 2724 Kynlos,
2302 2663 2360 2707 ad

400 2782 605 2821 mortem
641 2772 822 2819 domini
858 2770 1079 2831 Symonis
1114 2768 1298 2815 abbatis
1334 2767 1497 2819 0&avi,
1538 2766 1674 2818 1269,
1706 2761 1775 2809 est
1798 2762 2097 2808 intervallum
2132 2775 2359 2807 annorum

403 2881 478 2929 50,
504 2874 630 2935 quod
653 2874 702 2918 in
727 2872 937 2932 quinque
961 2869 1157 2915 abbates
1181 2867 1412 2928 partimur
1435 2865 1703 2926 conje&ura
1725 2868 1926 2909 tantum.

468 2975 550 3021 Ab
585 2988 709 3020 anno
747 2971 887 3024 1269,
924 2970 1014 3015 hoe
1040 2965 1121 3021 est,
1147 2967 1206 3013 ab
1229 2966 1366 3012 initio
1402 2964 1639 3016 Richardi‚
1676 2962 1857 3008 abbatis
1886 2961 1997 3006 noni
2020 2975 2048 3005 a
2070 2958 2267 3019 Kynlos,
2303 2958 2360 3003 ad

404 3081 608 3122 mortem
644 3072 822 3118 domini
858 3068 1083 3115 Richardi
1119 3066 1304 3112 abbatis
1339 3064 1510 3109 decimi
1545 3062 1711 3121 quarti,
1746 3063 1881 3112 1371,
1918 3058 2218 3104 intercedunt
2252 3057 2361 3103 anni

407 3180 515 3229 102,
541 3187 658 3234 quos
681 3171 913 3233 partimur
936 3165 1216 3226 eonjefflmris
1239 3164 1288 3208 in
1313 3162 1507 3208 abbates
1529 3159 1622 3206 sex.

472 3273 553 3319 Ab
589 3287 713 3319 anno
752 3272 890 3322 1371,
926 3242 1015 3312 hec
1051 3262 1119 3311 est
1154 3263 1213 3309 ab
1249 3263 1386 3307 initio
1421 3260 1598 3306 domini
1623 3253 1798 3304 Adami
1822 3257 1880 3302 de
1903 3255 2056 3309 Teras,
2093 3255 2152 3301 ad
2174 3255 2359 3300 initium

1373 3374 1400 3405 C
