2938 3762
1278 446 1522 508 [21]

540 771 1052 863 [HISTORIA
1103 781 1581 846 ABBATUM
1640 785 2255 852 MONASTERII

1082 948 1216 1011 DE
1272 949 1722 1039 KYNLos.]

474 1168 647 1215 DAVID
672 1169 951 1217 SOOTORUM
976 1185 1078 1217 XCI.
1116 1171 1237 1225 Rex,
1263 1174 1333 1218 vir
1356 1173 1497 1233 plane
1521 1174 1721 1229 divinus,
1758 1176 1882 1221 inter
1904 1176 1997 1222 alia
2019 1177 2240 1237 pleraque
2269 1178 2375 1223 suae

408 1267 828 1315 administrationis
851 1271 1160 1324 monimenta,
1181 1271 1369 1317 oraculo
1394 1272 1599 1331 primum
1616 1288 1700 1332 per
1715 1271 1946 1319 somnium
1970 1276 2249 1330 admonitus,
2270 1278 2378 1321 dein

407 1367 660 1414 columbae
694 1370 863 1414 niveae
887 1369 1051 1415 volatu
1075 1370 1281 1424 edofilms,
1317 1372 1366 1415 in
1390 1372 1744 1417 venerationem
1779 1371 2088 1433 pientiffimae
2124 1375 2295 1421 Matris
2330 1382 2378 1421 et

410 1467 625 1528 Virginis
650 1466 850 1522 Mariae,
886 1469 1200 1516 fundamenta
1233 1471 1368 1531 ponit
1393 1469 1671 1516 Monasterii
1695 1487 1723 1517 a
1745 1470 1944 1532 Kyn10s‚
1975 1471 2291 1519 Cisteroienfis
2315 1475 2379 1519 fa-

409 1567 582 1621 miliae,
608 1583 732 1613 anno
758 1567 955 1612 Domini
985 1571 1123 1612 1141.

475 1666 582 1712 Rex
615 1667 694 1712 hio
728 1672 884 1712 morte
918 1673 1203 1727 praeventus
1239 1669 1357 1714 nihil
1391 1675 1634 1729 praeterea
1670 1671 1873 1716 contulit
1910 1669 2196 1717 Monasterio
2237 1687 2377 1731 quam

407 1766 662 1812 Baroniam
687 1783 715 1812 a
738 1765 926 1827 Kynlos
961 1764 1120 1812 statim
1155 1767 1214 1812 ab
1248 1768 1384 1813 initio
1420 1769 1736 1814 fundationis:
1774 1770 1980 1816 faaurus
2004 1776 2133 1816 certe
2156 1778 2256 1816 erat
2280 1786 2376 1816 ma-

399 1869 507 1927 jora
529 1866 565 1913 fi
588 1864 927 1929 supervixiffet.

476 1967 611 2022 Quae
634 1972 824 2027 praeter
850 1967 968 2013 haec
1003 1982 1130 2012 1111110
1164 1963 1364 2027 poffidet
1389 1964 1733 2013 Monasterium
1767 1963 2052 2012 accesserunt
2085 1967 2377 2027 benignitate

408 2066 796 2127 subsequentium
831 2066 1020 2128 Regum
1057 2072 1107 2112 et
1140 2067 1326 2127 piorum
1359 2067 1619 2131 hominum,
1656 2064 1846 2112 diverfis
1881 2072 2042 2111 tamen
2075 2067 2376 2126 temporibus,

409 2175 464 2215 ut
489 2165 817 2230 consignatum
842 2164 910 2213 est
933 2183 961 2213 a
984 2167 1119 2212 nobis
1142 2164 1235 2211 suis
1259 2166 1387 2212 10018.

731 2463 1001 2525 [DOMINUS
1024 2459 1340 2521 ANSELMUS,]
1368 2460 1567 2506 PRIMUS
1591 2458 1760 2505 ABBAS
1783 2474 1813 2504 A
1837 2458 2062 2505 KYNLos.

477 2663 559 2707 Ad
581 2662 721 2722 hujus
745 2657 1025 2706 Monasterii
1049 2655 1519 2711 administrationem,
1539 2657 1800 2702 fundatoris
1820 2656 1964 2717 Regis
1981 2653 2146 2708 studio,
2172 2657 2373 2715 primum

410 2764 631 2809 admotus
656 2757 725 2806 est
747 2761 819 2805 vir
841 2761 1023 2820 pietate
1052 2755 1245 2819 infignis
1271 2756 1506 2802 Dominus
1530 2753 1784 2800 Anselmus
1817 2756 1995 2815 primus
2028 2754 2169 2800 abbas
2192 2770 2219 2799 a
2242 2753 2376 2813 Kyn-

410 2863 494 2915 los,
524 2876 649 2907 anno
675 2859 871 2904 Domini
899 2861 1039 2911 1141,
1076 2858 1156 2917 qui
1191 2854 1295 2916 post
1329 2855 1510 2914 aliquot
1544 2868 1690 2901 annos
1724 2851 1833 2899 suae
1867 2851 2289 2905 administrationis,
2325 2858 2374 2897 et

410 2962 621 3007 muneris
643 2961 735 3005 rite
758 2958 1006 3019 perfunffl,
1032 2957 1149 3002 obiit
1173 2971 1297 3001 anno
1323 2954 1517 2999 Domini
1546 2957 1682 3006 1157,
1708 2953 1792 2998 cal.
1818 2952 1998 2997 Martii.

480 3062 605 3107 Sunt
645 3060 725 3120 qui
765 3058 975 3104 referant
1013 3057 1140 3101 1111110
1175 3053 1459 3100 Anselmum
1500 3049 1632 3097 fuisse
1673 3067 1733 3097 ex
1774 3050 2030 3111 Hybernia,
2071 3064 2210 3109 quam
2251 3063 2375 3094 nunc

412 3161 674 3207 Irlandiam
699 3161 898 3211 vocant3
940 3170 968 3201 a
992 3170 1084 3215 quo
1109 3159 1273 3200 tamen
1306 3152 1532 3212 prodierit
1567 3146 1856 3196 Monasterio
1878 3149 2133 3209 hybernico
2167 3144 2235 3193 est
2269 3162 2376 3192 0011-

413 3257 691 3306 troversum.
762 3256 878 3302 Non
913 3253 1083 3301 desunt
1119 3254 1197 3312 qui
1238 3251 1510 3312 praedicent
1547 3266 1573 3295 e
1611 3249 1835 3296 coenobio
1878 3247 1915 3293 F
1917 3248 2103 3294 ontanis
2142 3247 2234 3292 huo
2273 3261 2375 3305 pro-
