2938 3762
640 459 667 501 8
1265 449 1596 498 HISTORIA
1632 447 1980 497 ABBATUM

634 585 998 639 incommodare,
1023 583 1110 630 nifi
1134 583 1292 630 secum
1317 583 1471 629 bonae
1492 580 1590 643 spei
1614 580 1994 629 adolescentulos
2019 583 2067 627 in
2091 581 2367 627 barathrum
2387 582 2607 627 vitiorum

634 686 896 745 protrudat.
965 683 1151 730 Verum
1184 684 1265 743 qui
1299 680 1625 743 hujuscemodi
1658 679 1928 743 imposturis
1950 682 2168 728 homines
2192 680 2368 727 fallunt
2401 694 2610 728 corrum-

635 790 804 845 pentes
827 798 948 843 quae
971 780 1099 829 sacra
1132 782 1414 844 integraque
1448 782 1652 835 fuerant,
1689 796 1787 827 non
1821 780 2054 843 effugient
2087 781 2267 827 domini
2283 780 2535 842 judicium,
2560 781 2610 825 in

636 898 730 943 quo
764 883 911 936 dicit;
947 879 981 927 fi
1016 882 1121 942 quis
1156 882 1430 942 praebuerit
1463 878 1645 942 pusillis
1675 877 1770 926 suis
1805 879 2161 934 offendiculum,
2197 880 2423 941 expedire
2457 881 2608 941 magis

636 988 689 1027 ut
712 983 764 1035 is,
791 981 919 1028 mola
937 979 1135 1028 asinaria
1157 981 1217 1027 ad
1241 980 1419 1027 collum
1437 978 1666 1041 suspensa,
1686 982 1737 1027 in
1755 980 2046 1041 profundum
2063 985 2320 1042 mergatur.
2373 979 2470 1026 Sed
2495 979 2611 1026 alias

635 1083 756 1126 forte
775 1081 967 1127 dabitur
984 1080 1117 1127 loc-us
1134 1080 1458 1141 opportunior,
1474 1080 1533 1126 ad
1551 1077 1819 1140 hujusmodi
1836 1079 2085 1125 hominum
2099 1093 2256 1125 mores
2271 1079 2609 1141 depingendos,

633 1180 1034 1240 quemadmodum
1066 1186 1325 1226 merentur.
1397 1179 1558 1234 Nunc,
1591 1179 1718 1239 quod
1751 1178 1989 1239 reliquum
2013 1170 2100 1232 est,
2124 1192 2334 1240 agamus.
2404 1177 2612 1224 Labore-

634 1295 738 1325 mus
763 1281 812 1325 in
831 1294 1085 1326 commune
1102 1293 1282 1333 omneS,
1302 1256 1467 1325 eorum
1491 1279 1667 1324 imitari
1688 1276 1884 1340 vestigia
1907 1278 1988 1337 qui
2012 1283 2062 1324 et
2087 1279 2215 1324 vitae
2233 1276 2543 1324 sanctimonia
2559 1284 2609 1324 et

631 1380 900 1426 eruditione
924 1394 1019 1424 non
1045 1378 1242 1440 vulgari,
1267 1393 1363 1426 non
1388 1384 1580 1425 tantum
1603 1376 1686 1424 suo
1709 1375 1881 1431 seculo,
1906 1392 2074 1424 verum
2108 1377 2256 1424 etiam
2291 1378 2382 1423 toti
2416 1375 2611 1438 posteri—

633 1480 722 1526 tati
760 1475 923 1525 vixisse
958 1493 1133 1539 magno
1169 1492 1278 1524 cum
1314 1477 1456 1524 laude
1490 1478 1721 1523 videmus.
1792 1475 1857 1522 Et
1881 1477 1958 1522 cui
1988 1482 2216 1537 negatum
2242 1475 2312 1522 est
2335 1476 2396 1523 ab
2418 1477 2611 1538 ingenio

631 1577 951 1639 philosophiae
965 1574 1255 1624 abstrufioris
1272 1574 1496 1638 mysteria
1517 1581 1780 1637 penetrare,
1796 1576 1856 1621 ad
1880 1575 2109 1621 moralem
2133 1575 2344 1630 accedat,
2368 1590 2511 1636 quam
2534 1577 2613 1622 hic

633 1693 718 1723 nos
742 1684 971 1737 tanquam
995 1676 1312 1723 benevivendi
1337 1674 1592 1722 formulam
1626 1680 1881 1736 tantopere
1914 1674 2318 1721 commendamus.
2382 1674 2454 1721 Ea
2477 1680 2612 1735 patet

633 1784 682 1823 et
729 1777 907 1836 ubique
947 1774 1018 1822 est
1058 1777 1210 1829 obvia,
1250 1773 1347 1822 five
1387 1781 1554 1836 poetas
1596 1774 1801 1828 evolvas,
1839 1771 1937 1819 five
1977 1778 2218 1828 oratores;
2262 1771 2343 1820 sed
2383 1772 2624 1834 nusquam.

632 1877 839 1937 apertior
855 1882 906 1923 et
921 1876 1093 1922 nudior
1106 1890 1250 1935 quam
1269 1876 1319 1921 in
1335 1872 1551 1928 historiis,
1566 1874 1649 1920 ubi
1663 1871 1929 1934 promiscue
1946 1873 2169 1919 omnibus
2184 1871 2400 1934 exposita
2409 1874 2610 1920 videtur.

634 1975 741 2022 Illic
765 1954 958 2022 consilia
990 1973 1289 2034 rationesque
1323 1974 1515 2020 vivendi
1550 1987 1729 2027 omneS,
1753 1986 1914 2018 mores
1940 1972 2104 2025 bonos,
2128 1969 2442 2033 institutaque
2464 1975 2612 2034 majo-

631 2089 753 2123 rum.
775 2075 963 2121 intuere
1003 2074 1131 2120 licet.
1203 2073 1399 2128 Quanta
1439 2070 1498 2118 fit
1530 2078 1841 2134 tyrannorum
1879 2069 2143 2126 insolentia,
2178 2069 2410 2132 nusquam
2445 2073 2611 2133 depre-

631 2175 824 2228 hendes,
857 2171 943 2220 nisi
979 2172 1222 2220 historiam
1258 2173 1441 2234 legeris.
1513 2171 1621 2219 Nec
1649 2172 1755 2232 quis
1785 2172 1946 2218 exitus
1985 2171 2131 2217 fuerit
2162 2143 2411 2233 sacrilegis,
2441 2169 2612 2234 graffa»

632 2274 826 2327 toribus,
864 2274 1042 2334 piratiS,
1080 2273 1342 2325 homicidis,
1383 2271 1626 2326 adulteris,
1667 2277 1718 2317 et
1756 2268 2079 2331 hujuscemodi
2119 2268 2351 2317 scelerum
2387 2268 2611 2317 ministris

631 2373 809 2435 poteris
825 2370 1091 2435 agnoscere,
1110 2369 1146 2418 fi
1160 2369 1460 2418 historiarum
1479 2370 1733 2417 leffionem
1751 2375 2044 2416 contemnas.
2092 2369 2287 2424 Quanta
2303 2371 2610 2416 veneratione

632 2473 761 2533 digni
786 2469 879 2518 {int
901 2486 1037 2534 reges
1071 2471 1248 2532 quique
1282 2469 1452 2531 optimi
1486 2475 1538 2515 et
1570 2468 1864 2530 reipublicae
1897 2465 2213 2530 magistratus,
2236 2466 2334 2515 sola
2356 2469 2498 2516 docet
2519 2467 2611 2515 his-

630 2571 779 2617 toria:
814 2571 866 2617 in
888 2585 983 2631 qua
1012 2568 1288 2632 consignata
1314 2567 1512 2616 manent
1536 2568 1763 2630 quicquid
1784 2565 1980 2628 usquam
2003 2565 2073 2614 est
2094 2565 2334 2630 gestorum
2357 2567 2610 2614 ditiorum-

632 2686 725 2731 que
748 2669 1023 2717 celebrium.
1065 2668 1207 2725 Quod
1230 2669 1424 2714 initium
1450 2668 1597 2719 fuerit
1614 2666 1849 2729 religioni,
1868 2682 1991 2727 quae
2006 2639 2304 2715 incrementa
2320 2663 2607 2721 accesserint,

633 2775 683 2816 et
720 2769 891 2830 quibus
927 2766 1156 2829 auspiciis,
1194 2767 1272 2814 vel
1307 2768 1358 2813 in
1385 2764 1582 2813 historia
1604 2763 1938 2827 conscriptum,
1963 2765 2041 2812 vel
2063 2763 2296 2826 nusquam
2318 2765 2608 2812 adinvenies.

634 2868 732 2915 Sed
755 2869 869 2929 quid
891 2865 1075 2930 fingula
1096 2865 1362 2929 prosequor,
1386 2864 1484 2912 sola
1504 2863 1698 2912 historia
1731 2870 1922 2912 tantum
1944 2866 2073 2911 inter
2094 2863 2141 2911 se
2171 2865 2390 2911 homines
2424 2865 2610 2911 differre

635 2968 761 3021 facit,
784 2973 841 3013 ut
862 2967 949 3013 hos
982 2967 1148 3013 laudes
1183 2966 1245 3013 ab
1277 2965 1577 3027 experientia
1599 2965 1966 3026 cognitioneque
1988 2963 2271 3024 multiplici:
2312 2963 2418 3011 illos
2445 2971 2606 3011 autem

635 3068 876 3127 vituperes
910 3067 971 3114 ab
1001 3067 1313 3128 ignoratione,
1337 3063 1535 3126 perinde
1557 3069 1703 3125 atque
1738 3078 1848 3110 vere
1876 3062 1995 3110 nihil
2027 3060 2289 3125 poffideant
2322 3069 2609 3123 quapropter

633 3166 850 3213 homines
884 3165 1116 3219 dicantur,
1158 3162 1194 3211 fi
1238 3165 1381 3212 modo
1417 3165 1679 3211 humanam
1713 3163 1915 3210 formam
1951 3160 2224 3224 dempseris,
2291 3159 2453 3221 Usque
2489 3162 2607 3207 adeo

636 3261 885 3325 defipiunt,
921 3265 970 3309 in
1004 3263 1249 3324 republica
1283 3263 1360 3311 vel
1394 3265 1541 3312 etiam
1576 3265 1626 3310 in
1662 3278 1712 3310 re
1748 3262 1975 3310 familiari
2000 3261 2324 3324 gubernanda,
2360 3266 2415 3306 ut
2449 3262 2608 3306 minus
