2938 3762
995 475 1431 523 MONASTERII
1466 477 1514 524 A
1550 478 1847 527 KYNLOS.
2335 488 2394 529 53

444 605 494 649 in
508 601 613 650 suos
628 602 747 658 usus,
771 601 868 651 fine
892 605 1121 652 facultate
1144 607 1355 653 abbatis:
1382 623 1468 669 ego
1493 624 1602 656 vero
1625 609 1802 656 nullius
1824 606 2113 671 profeffionis
2134 607 2235 655 sum
2268 625 2396 670 prae·
2427 611 2431 615 ’

444 708 662 763 terquam
686 700 872 756 Christi,
908 708 958 749 et
986 719 1107 763 quae
1129 705 1224 749 mei
1255 704 1437 751 labores
1469 708 1586 752 mihi
1620 714 1853 768 peperunt
1876 723 1982 754 mea
2004 706 2141 762 sunt;
2177 709 2396 768 quicquid

442 803 646 861 acquirit
678 802 951 855 monachus,
993 803 1194 862 acquirit
1233 802 1514 850 monasterio
1553 821 1649 850 non
1682 804 1779 852 fibi.
1849 805 1988 860 Quod
2022 806 2314 866 frequentius
2347 807 2396 851 in

443 900 574 946 libris
609 898 903 961 apposuerim
941 915 1117 946 nomen
1151 900 1348 955 abbatis,
1383 902 1472 948 hoc
1507 903 1814 948 tribuendum
1847 902 1916 949 est
1949 905 2096 949 amori
2130 919 2222 963 quo
2261 904 2396 949 illum

442 998 740 1059 complector,
777 995 905 1058 quasi
929 999 1117 1059 cupiam
1140 999 1397 1045 amicorum
1427 1001 1587 1047 omnia
1620 998 1710 1047 effe
1745 1003 2024 1048 communia.
2094 1001 2189 1048 Sed
2211 1017 2323 1063 rogo
2347 1009 2396 1048 te

443 1112 536 1156 qua
568 1097 739 1151 fronte,
776 1111 869 1157 quo
905 1096 1044 1143 vultu
1085 1097 1289 1157 denique
1322 1098 1477 1158 pergit
1511 1099 1723 1158 quotidie
1757 1100 1816 1145 ad
1850 1099 1998 1145 altare
2033 1101 2082 1145 in
2115 1106 2215 1145 tam
2248 1101 2396 1146 mani-

440 1195 558 1243 festo
593 1203 644 1244 et
677 1203 778 1244 tam
812 1213 970 1244 amaro
1004 1197 1285 1243 mendacio?
1344 1197 1485 1243 Faxit
1508 1195 1733 1251 Christus,
1768 1203 1823 1243 ut
1846 1195 2036 1257 posthac
2069 1197 2302 1258 syncerius
2337 1200 2395 1244 de

435 1297 577 1343 rebus
600 1294 769 1342 nostris
783 1296 982 1356 judicet.
1052 1294 1245 1342 Interea
1267 1302 1322 1341 tu
1343 1311 1428 1356 per
1448 1293 1733 1355 superiorem
1751 1301 1901 1349 tuum,
1927 1295 2235 1341 Plutarchum
2255 1311 2395 1355 quem

442 1395 573 1441 vobis
596 1395 708 1441 hinc
732 1394 1083 1441 discedentibus
1107 1394 1231 1440 dono
1255 1394 1377 1447 dedi,
1403 1394 1583 1454 optimo
1598 1393 1707 1453 jure
1730 1398 1945 1453 repetere
1970 1394 2166 1439 curabis.

506 1493 644 1540 Haec
666 1494 846 1539 invitus
880 1493 1043 1554 adJeci‚
1080 1494 1259 1552 optime
1295 1491 1478 1546 Lector,
1513 1489 1594 1537 sed
1627 1488 1691 1537 fic
1715 1493 1923 1552 oportuit
1946 1492 2124 1537 nomini
2158 1507 2265 1537 meo
2288 1507 2396 1537 con-

439 1593 592 1640 sulere
615 1598 782 1639 contra
804 1591 1159 1638 obtre&atrices
1183 1596 1233 1637 et
1256 1596 1513 1636 venenatas
1536 1589 1747 1651 linguas3
1780 1596 1834 1636 ut
1856 1605 1941 1650 per
1962 1583 2117 1636 meam
2140 1589 2396 1636 absentiam

439 1708 535 1738 non
569 1690 751 1753 poss'um
785 1689 1064 1751 respondere
1097 1689 1215 1735 meis
1250 1688 1505 1742 maledicis,
1529 1688 1619 1734 hoc
1652 1686 1818 1733 saltem
1851 1684 1909 1733 fit
1932 1703 1960 1733 a
1994 1702 2071 1733 me
2094 1687 2309 1734 relictum
2339 1689 2396 1734 de

439 1806 547 1836 mea
564 1788 850 1836 conscientia
873 1789 999 1850 apud
1022 1789 1192 1849 probos
1216 1788 1338 1833 viros
1362 1783 1647 1832 veriffimum
1669 1801 1753 1846 pro
1771 1800 1848 1831 me
1866 1783 2187 1832 testimonium
2204 1786 2392 1832 bonum.

440 1889 579 1936 Vale.

506 2087 582 2133 De
615 2086 809 2146 reliquis
843 2100 954 2131 vero
987 2085 1128 2145 hujus
1162 2083 1346 2130 abbatis
1381 2082 1568 2143 egregie
1614 2081 1748 2127 dia-„is
1793 2087 1843 2127 et
1877 2081 2008 2127 saetis
2047 2083 2097 2126 in
2137 2081 2398 2142 Republica

443 2186 634 2233 Scotica
655 2182 760 2246 post
789 2189 994 2229 mortem
1030 2182 1178 2242 Regis
1211 2179 1244 2226 J
1246 2180 1380 2227 aeobi
1415 2179 1571 2239 quinti
1593 2178 1664 2223 illi
1688 2180 1982 2224 mentionem
2017 2179 2192 2224 facient
2215 2179 2396 2238 quibus,

441 2285 501 2331 de
524 2284 672 2331 tantis
695 2282 832 2329 malis
859 2279 1183 2342 praesentibus
1216 2276 1251 2324 fi
1283 2278 1471 2338 quando
1507 2274 1780 2322 emerserint
1805 2273 1990 2336 justitia
2024 2282 2074 2322 et
2106 2277 2232 2337 prior
2264 2278 2395 2338 regni

441 2384 649 2436 libertas,
674 2381 850 2434 licebit,
876 2380 982 2425 Diis
1004 2374 1366 2436 hominibusque
1389 2374 1842 2436 congratulantibus,
1859 2376 2107 2421 veritatem
2131 2372 2273 2435 ipsam
2290 2374 2396 2420 lite-

442 2486 604 2528 rarum
621 2478 945 2526 monumentis
968 2475 1066 2523 fine
1090 2477 1200 2522 fuco
1223 2473 1565 2521 commendare.
