2938 3762
977 489 1414 539 MONASTERII
1447 493 1495 539 A
1530 494 1828 544 KYNLOS.
2330 512 2388 557 73

430 617 638 664 intendit
673 618 848 673 oculos,
890 617 1019 679 quasi
1054 621 1173 666 nihil
1207 621 1422 668 laborum
1458 641 1512 671 ac
1537 641 1754 673 curarum
1787 625 1880 675 suis
1902 626 2097 689 posteris
2123 631 2387 693 relinquere

429 718 602 776 cupiat.
662 716 795 763 Duas
829 717 1106 765 moletrinas
1140 721 1266 780 apud
1290 721 1525 784 Strathily
1547 725 1825 771 aedificavit.
1889 726 1948 772 In
1972 726 2172 789 Kynlos,
2197 731 2389 778 domum

427 812 536 860 satis
576 815 783 875 amplam
824 816 885 862 ad
923 818 1148 863 torrenda
1190 833 1337 880 grana
1380 820 1649 880 priusquam
1687 823 1736 868 in
1776 824 2076 872 moletrinam
2117 828 2390 875 deferantur

428 914 595 967 erexit,
621 928 762 973 quam
794 911 1022 961 ustrinam
1057 917 1250 963 nomine
1284 918 1539 964 admodum
1573 925 1685 980 apto
1714 921 1869 968 dicere
1902 921 2053 983 poffis.
2122 924 2199 980 Et,
2224 933 2280 973 ut
2302 930 2390 973 mi-

428 1011 600 1058 nutula
637 1010 889 1073 persequar
934 1029 1030 1059 non
1070 1016 1227 1060 minus
1267 1021 1430 1062 tamen
1471 1014 1737 1073 necessaria,
1783 1019 2086 1068 moletrinam
2125 1039 2153 1069 a
2186 1023 2385 1086 Kynlos‚

427 1084 753 1157 ambulacrum
777 1128 805 1158 a
827 1110 1060 1172 peristylis
1092 1111 1387 1174 claustroque
1411 1116 1471 1161 ad
1493 1118 1842 1177 aegrotantium
1875 1121 2212 1168 monachorum
2235 1124 2387 1177 aedes,

426 1188 748 1271 religiosorum
773 1211 995 1265 culinam,
1020 1217 1070 1257 et
1094 1212 1287 1257 domum
1321 1213 1548 1273 majorem
1570 1216 1653 1260 ubi
1677 1214 1907 1263 salmones
1930 1216 2054 1264 saliti
2077 1216 2387 1275 asservantur3

427 1310 543 1355 haec
593 1311 752 1356 omnia
787 1311 838 1355 in
883 1311 1256 1371 contignatione,
1302 1312 1542 1367 tabulatis,
1588 1311 1823 1373 postremo
1869 1321 1919 1360 et
1963 1317 2088 1362 tecto
2138 1320 2385 1378 reparavit.

428 1408 596 1453 Erexit
632 1414 683 1454 et
718 1409 912 1453 domum
948 1409 1147 1454 alteram
1187 1409 1435 1470 lapideam,
1478 1409 1614 1471 supra
1646 1409 1981 1458 monasterium
2021 1415 2081 1460 ad
2117 1415 2209 1460 duo
2243 1416 2397 1462 millia.

427 1504 653 1566 passuum,
679 1507 762 1552 ubi
784 1505 1019 1554 salmones
1043 1508 1224 1568 cymbis
1249 1513 1297 1553 et
1321 1509 1502 1555 retibus
1527 1511 1653 1570 capti
1676 1525 1804 1557 nunc
1827 1508 2126 1558 asservantur.

494 1603 762 1651 Studiosius
786 1607 933 1652 etiam
958 1606 1018 1652 ad
1041 1621 1141 1651 rem
1165 1604 1340 1652 sacram
1365 1607 1629 1653 faciendam
1665 1607 1827 1668 suique
1860 1608 2131 1656 monasterii
2167 1611 2386 1656 decorum

425 1705 650 1764 pleraque
686 1710 912 1765 argentea
934 1702 1053 1757 vasa,
1078 1701 1227 1750 sacras
1251 1703 1415 1759 vestes,
1453 1711 1502 1751 et
1525 1707 1573 1751 id
1595 1722 1745 1767 genus
1780 1706 1870 1753 alia
1892 1722 1919 1752 e
1942 1709 2206 1754 continenti
2240 1709 2390 1755 Galli-

426 1818 559 1849 arum
584 1808 634 1849 et
654 1802 906 1848 Flandriae
929 1803 980 1847 in
999 1801 1186 1862 Kynlos
1210 1804 1393 1864 magnis
1415 1802 1636 1864 impensis
1659 1805 1828 1850 advehi
1852 1806 2046 1850 curavit.
2098 1805 2186 1860 Ac,
2211 1811 2265 1852 ut
2287 1822 2385 1851 rem

426 1900 571 1962 ipsam
605 1903 655 1947 in
690 1902 904 1947 ordinem
940 1901 1148 1961 aliquem
1178 1901 1449 1956 referamus,
1486 1903 1545 1949 de
1580 1901 1773 1964 singulis
1802 1903 1877 1950 hic
1912 1901 2039 1964 quafi
2072 1919 2156 1964 per
2179 1903 2388 1950 transen-

425 2017 535 2046 nam
560 2008 610 2046 et
633 2002 787 2047 obiter
811 2001 1080 2046 viderimus.
1151 2000 1209 2045 In
1234 2002 1408 2060 primis,
1433 2002 1623 2048 thecam
1647 2007 1920 2063 argenteam
1945 2000 2044 2060 (vas
2068 1999 2387 2048 Eucharistiae

425 2101 568 2162 vulgo
609 2102 794 2153 dicitur,
836 2101 885 2145 id
925 2098 1007 2154 est,
1049 2098 1288 2145 sanctificii
1325 2096 1519 2145 crustuli
1552 2099 1826 2146 sacrosancti
1858 2100 2082 2160 panificii)
2124 2099 2296 2146 affabre
2340 2107 2388 2146 et

425 2199 579 2245 multo
605 2199 867 2245 confectam
908 2214 1050 2259 opere
1085 2199 1144 2244 ad
1178 2196 1547 2257 sesquicubitum
1580 2196 1676 2243 sese
1715 2197 2018 2244 attollentem
2041 2204 2091 2244 et
2112 2214 2208 2244 non
2230 2200 2390 2258 poeni-

426 2299 572 2343 tendo
596 2299 810 2357 pondere
834 2299 883 2342 in
907 2296 1094 2357 Kynlos
1119 2297 1327 2342 advexit.
1396 2295 1618 2342 Alteram
1641 2297 1758 2341 item
1774 2297 1975 2349 thecam,
2001 2297 2168 2341 eodem
2191 2298 2386 2342 artificio

426 2403 476 2442 et
501 2412 654 2457 opere,
679 2395 822 2456 paulo
846 2401 1037 2441 tantum
1062 2395 1242 2440 minore
1266 2395 1420 2454 priore
1445 2393 1602 2454 (hujus
1626 2395 1675 2438 in
1698 2393 1964 2439 meditullio
1989 2394 2084 2438 divi
2108 2393 2385 2454 Hieronymi

426 2512 487 2542 ex
523 2501 720 2556 argento
745 2494 923 2556 effigies
948 2494 1102 2539 erefim
1126 2491 1213 2554 est)
1238 2494 1288 2538 in
1314 2493 1667 2538 venerationem
1700 2488 1848 2538 offeae
1869 2491 2128 2552 particulae
2153 2492 2245 2536 divi
2270 2490 2387 2536 Hie-

426 2596 611 2655 ronymi
646 2609 788 2653 quam
819 2592 918 2638 illic
940 2590 1103 2653 postea
1136 2588 1338 2644 inclusit,
1364 2591 1599 2650 adportari
1629 2591 1824 2636 curavit.
1893 2589 1970 2643 Et,
1996 2590 2054 2635 ad
2077 2586 2386 2635 ministerium

425 2692 752 2745 sacrificorum,
799 2697 1002 2751 quatuor
1042 2696 1292 2752 argenteos
1332 2689 1503 2735 calices
1549 2686 1919 2748 quaquaversum
1966 2688 2225 2740 deauratOS‚
2272 2688 2386 2733 duas

424 2791 618 2852 phialas,
654 2789 925 2850 pollubrum
957 2802 1183 2849 magnum
1218 2785 1341 2841 satis,
1377 2792 1427 2832 et
1451 2787 1510 2832 ad
1532 2786 1875 2832 infundendam
1899 2787 1947 2831 in
1970 2785 2193 2831 malluvio
2217 2800 2383 2843 aquam

425 2895 632 2951 guttum,
652 2887 950 2934 thuribulum
968 2888 1017 2932 in
1036 2902 1129 2946 quo
1147 2886 1259 2931 thus
1283 2884 1525 2939 adoletur;
1563 2885 1721 2930 omnia
1743 2885 1858 2930 haec
1876 2888 2110 2944 argentea,
2134 2880 2214 2928 sua
2232 2898 2383 2942 opera,

425 2987 518 3034 suis
541 2984 776 3048 impensis,
802 2988 852 3032 in
875 2985 1011 3032 suum
1034 2983 1374 3031 monasterium
1397 2985 1595 3030 invexit.

492 3086 658 3146 Atque
673 3087 722 3131 in
740 3083 874 3131 usum
891 3083 1080 3131 mensae
1097 3082 1207 3129 suae
1224 3088 1411 3143 pateras
1429 3081 1510 3128 seu
1528 3086 1731 3127 crateras
1746 3085 1947 3140 quatuor
1962 3084 2206 3140 argenteas
2225 3078 2384 3138 (vulgo

426 3183 583 3231 taffias
608 3186 792 3245 dicunt)
812 3184 1000 3237 coemit,
1020 3198 1218 3243 quarum
1241 3183 1323 3227 uni
1348 3181 1531 3227 accedit
1549 3185 1598 3225 et
1617 3183 1894 3240 argenteum
1911 3177 2199 3239 operculum.
2253 3176 2385 3222 Emit

427 3290 478 3329 et
499 3282 582 3330 sex
606 3297 832 3330 cumanos
850 3297 910 3328 ex
934 3286 1131 3343 argento
1150 3279 1331 3333 calices,
1350 3276 1445 3324 five
1462 3278 1598 3324 malis
1617 3278 1762 3323 obbas
1779 3282 1864 3323 aut
1881 3275 2194 3337 sephunculos
2213 3274 2382 3335 (plebei
