2938 3762
982 487 1417 538 MONASTERII
1452 494 1499 540 A
1535 494 1833 559 KYNLOS.
2304 510 2363 551 83

419 613 644 676 mologefi
667 617 760 663 rite
782 618 982 678 pera&a,
1007 619 1321 680 triduanoque
1346 622 1543 683 jejunio,
1563 630 1612 670 et
1634 623 1921 674 sacrosancta
1944 628 2122 689 Synaxi
2146 629 2365 692 suscepta,

414 710 586 759 Christi
609 714 774 761 fideles
803 716 1017 762 omnium
1050 723 1353 777 peccatorum
1377 722 1562 768 veniam
1599 722 2013 786 consequerentur)
2037 726 2368 788 religiofiffime

414 811 573 857 triduo
597 827 740 872 quam
762 819 1030 861 moreretur
1052 815 1343 876 adimplevit.

478 909 539 955 In
562 911 728 957 mortis
751 911 965 966 articulo,
985 911 1118 960 'sacro
1140 914 1346 974 primum
1378 922 1613 963 ceromate
1647 918 1899 974 delibutus,
1934 937 2028 967 non
2062 922 2204 969 semel
2238 925 2369 985 pien-

412 1004 573 1054 tiffimi
597 1007 630 1054 J
632 1007 714 1055 esu
736 1009 1102 1058 misericordiam
1136 1012 1419 1074 imploravit,
1442 1015 1677 1076 petiitque
1700 1032 1728 1063 a
1749 1016 1842 1063 suis
1866 1010 2172 1067 familiaribus
2198 1019 2232 1066 fi
2255 1023 2367 1082 quid

412 1107 564 1152 acrius
588 1108 832 1155 interdum
854 1110 905 1155 in
927 1109 1035 1156 illos
1058 1108 1239 1157 fecisset
1271 1107 1356 1157 fibi
1379 1112 1429 1157 in
1453 1111 1589 1159 Illius
1612 1115 1803 1161 nomine
1827 1116 1906 1175 qui
1930 1131 2013 1176 pro
2035 1117 2168 1164 nobis
2194 1133 2369 1179 pepen-

412 1206 483 1251 dit
519 1207 570 1252 in
610 1207 740 1269 ligno
781 1208 1135 1263 condonarent3
1175 1210 1454 1257 remittebat
1492 1209 1575 1256 ille
1614 1208 1821 1267 viciffim‚
1861 1227 1957 1259 non
1995 1213 2144 1260 solum
2183 1214 2368 1261 suorum

411 1304 729 1361 familiarium,
764 1305 845 1353 sed
880 1308 1094 1353 omnium
1126 1308 1374 1354 hominum
1398 1307 1643 1354 adversum
1676 1306 1724 1355 se
1757 1324 1944 1356 noxam.
2013 1310 2078 1357 Et
2101 1312 2371 1372 frequenter

412 1404 575 1449 divum
594 1402 957 1466 Hieronymum,
977 1420 1120 1466 quem
1142 1407 1450 1466 praecipuum
1470 1406 1640 1453 habuit
1657 1407 1771 1453 dum
1789 1409 1969 1455 viveret
1986 1410 2111 1455 inter
2128 1409 2275 1456 Divos
2291 1427 2370 1471 pa-

411 1507 618 1557 tronum,
643 1502 945 1558 inclamabat,
969 1508 1039 1558 ut,
1065 1502 1250 1550 detersa
1267 1505 1482 1550 omnium
1505 1505 1727 1551 vitiorum
1750 1507 1799 1551 in
1822 1507 1911 1553 hoc
1934 1508 2110 1553 mundo
2134 1511 2371 1556 contra8w

410 1602 612 1656 macula,
652 1601 701 1648 se
736 1601 945 1648 Domino
984 1601 1017 1648 J
1020 1601 1100 1648 esu
1145 1603 1433 1649 conciliaret.
1525 1600 1779 1658 Postremo,
1823 1604 1904 1650 ubi
1944 1602 2222 1652 destituifl'et
2261 1622 2369 1652 eum

411 1697 576 1754 sermo,
611 1700 839 1746 infinities
873 1701 1085 1747 crucifixi
1120 1707 1288 1762 typum
1323 1699 1632 1756 osculabatur,
1663 1707 1714 1748 et
1738 1701 1930 1748 sublata
1963 1717 2106 1748 manu
2140 1702 2187 1749 se
2221 1705 2368 1751 crucis

412 1797 650 1860 fignaculo
683 1799 946 1845 identidem
975 1799 1235 1846 muniebat.
1319 1798 1395 1846 Ac
1429 1800 1543 1845 dum
1566 1799 1681 1846 talia
1703 1815 1839 1847 verae
1872 1801 2061 1861 pietatis
2094 1807 2370 1862 argumenta

412 1895 625 1960 designat
649 1899 719 1944 vir
742 1894 1095 1953 laudatiffimus,
1120 1898 1327 1944 animam
1350 1896 1536 1944 Christo
1559 1898 1776 1944 reddidit.

479 1998 544 2044 Et
571 2004 627 2043 ut
659 1977 822 2058 paucis
855 2012 957 2043 rem
991 2002 1145 2043 totam
1179 1995 1572 2058 completfitamur:
1613 2002 1752 2042 natus
1786 1994 1854 2041 est
1888 2012 2011 2042 anno
2036 1995 2228 2042 Domini
2259 2011 2370 2055 qua-

413 2094 781 2159 dringentefimo
827 2093 1170 2156 septuagesimo
1215 2096 1379 2141 octavo
1399 2110 1411 2149 3
1435 2126 1438 2128 v
1467 2090 1670 2156 egressus
1714 2109 1825 2140 vero
1871 2095 2106 2140 decimum
2156 2095 2370 2140 octavum

411 2196 583 2242 aetatis
619 2210 811 2248 annum,
836 2193 922 2240 sub
958 2194 1148 2239 domino
1183 2193 1355 2239 abbate
1389 2208 1417 2238 a
1439 2191 1626 2253 Kynlos
1662 2193 1851 2237 domino
1876 2191 2115 2239 Gulielmo
2140 2192 2368 2239 Galbreth

412 2295 563 2341 fafitus
595 2291 664 2340 est
687 2289 1006 2339 Cistercienfis
1025 2289 1228 2337 instituti
1252 2291 1556 2344 candidatus3
1592 2291 1773 2343 deinde,
1797 2289 2011 2335 revoluto
2041 2305 2209 2350 nempe
2232 2305 2367 2342 anno,

413 2391 482 2440 est
504 2392 720 2454 reg‘ulam
755 2392 850 2437 divi
875 2378 1124 2437 Benedicti
1146 2386 1385 2450 professus,
1421 2393 1471 2433 et
1494 2386 1609 2433 serie
1633 2387 1834 2447 quadam
1858 2368 2045 2433 decenti
2067 2386 2295 2447 paulatim
2318 2388 2368 2432 in

413 2492 661 2538 sacerdotii
684 2490 883 2551 gradum
906 2489 1181 2550 prove&us;
1210 2484 1460 2548 insignitus
1481 2486 1704 2530 nimirum
1726 2483 1975 2530 sacerdotis
1999 2483 2260 2530 charactere
2283 2482 2366 2529 sub

411 2590 624 2652 praesule
639 2586 863 2642 Rofl'enfi,
883 2588 1054 2634 ultima
1071 2582 1480 2646 quadragefimarii
1495 2583 1666 2644 jejunii
1683 2582 1975 2628 hebdomade
1991 2597 2003 2636 ;
2032 2597 2086 2627 ac
2103 2582 2244 2626 tertio
2260 2580 2367 2627 Pas-

415 2691 530 2737 chae
545 2690 635 2742 die,
650 2688 866 2749 proxime
881 2701 990 2733 cum
1008 2685 1163 2731 fuerat
1177 2684 1404 2736 initiatus,
1423 2681 1557 2727 suum
1571 2681 1776 2741 primum
1792 2679 1972 2726 sacrum
1987 2680 2181 2740 peregit.
2217 2678 2366 2737 quue

415 2789 618 2849 contigit
634 2786 720 2833 sub
737 2786 972 2832 novitiatu
991 2782 1169 2829 domini
1188 2780 1384 2827 Davidis
1403 2776 1569 2840 Spenfi
1592 2779 1727 2839 cujus
1746 2777 1909 2837 (etiam
1930 2783 2034 2823 tum
2053 2777 2292 2836 diaconus)
2316 2776 2364 2820 in

414 2888 487 2933 his
506 2900 626 2947 quae
645 2885 705 2931 ad
727 2881 1044 2930 caeremonias
1066 2879 1304 2941 religionis
1321 2877 1531 2938 spe8tant
1554 2874 1794 2922 institutor
1816 2875 2029 2920 dominus
2043 2873 2243 2919 Thomas
2261 2873 2363 2918 fuit.

418 2982 529 3030 Post
551 2984 732 3043 aliquot
756 2996 866 3027 vero
890 2992 1050 3032 annos,
1077 2975 1207 3037 justa
1228 2974 1451 3022 videlicet
1474 2974 1533 3021 de
1556 2973 1703 3028 causa,
1727 2990 1755 3019 a
1777 2973 1967 3019 domino
1989 2970 2227 3017 Gulielmo
2253 2969 2366 3015 Cul-

416 3081 509 3129 ross
533 3081 795 3128 declaratus
829 3074 898 3124 est
932 3073 1200 3122 monasterii
1224 3089 1252 3120 a
1274 3072 1460 3133 Kynlos
1494 3072 1662 3118 abbas:
1698 3076 1747 3117 et
1769 3086 1798 3116 a
1820 3067 2029 3130 praesule
2063 3063 2362 3113 Berchinenfi

418 3184 734 3242 cognomento
759 3175 997 3228 Meldr0n‚
1033 3173 1083 3218 in
1106 3171 1326 3218 abbatem
1349 3168 1432 3216 sub
1455 3166 1627 3215 festum
1650 3167 1683 3213 J
1686 3168 1848 3213 oannis
1871 3162 2110 3226 Baptistae
2133 3164 2363 3217 inunsztus,

416 3280 476 3325 ad
510 3278 645 3324 suum
679 3272 1012 3321 monasterium
1046 3269 1213 3324 rediit3
1252 3266 1406 3314 rursus
1438 3267 1488 3312 in
1523 3265 1800 3312 celebritate
1834 3261 2152 3323 assumptionis
2187 3261 2362 3307 Beatae

1387 3361 1415 3393 L
