2938 3762
591 445 651 492 78
1227 436 1558 487 HISTORIA
1595 438 1942 488 ABBATUM

661 571 803 626 Item,
827 570 970 618 villae
992 586 1022 617 a
1045 568 1299 624 Frefeilde,
1463 605 1473 615 .
1611 605 1621 615 .
1758 606 1768 616 .
1905 606 1914 616 .
2052 607 2062 616 .
2199 571 2360 640 Marc..
2380 577 2423 619 4.

661 670 802 725 Item,
827 685 856 717 a
878 668 1184 723 Dundurc-ua
1310 704 1320 714 .
1458 704 1468 715 .
1608 705 1618 714 .
1757 705 1767 715 .
1906 706 1916 715 .
2053 706 2063 715 .
2200 670 2355 718 Marc.
2386 676 2458 718 10.

661 769 803 824 Item,
827 768 889 815 ab
912 765 1111 815 ecclefia
1134 767 1320 823 Ellone,
1463 804 1473 814 .
1613 805 1622 814 .
1759 805 1769 814 .
1906 803 1917 814 .
2056 804 2066 814 .
2203 769 2356 817 Marc.
2385 775 2493 817 25⁶2.

661 867 802 922 Item,
826 867 888 914 ab
912 863 1109 914 ecclefia
1131 867 1351 922 Awacht,
1461 904 1470 913 .
1609 903 1619 913 .
1757 904 1767 914 .
1904 905 1914 914 .
2054 905 2064 915 .
2201 869 2354 917 Marc.
2382 875 2456 922 7⁶2.

661 965 721 1013 In
742 966 915 1029 granis,
940 981 968 1013 e
990 966 1186 1014 baronia
1208 982 1237 1014 a
1260 966 1462 1028 Kynlos,
1614 1002 1624 1012 .
1695 966 1892 1014 Celdras
1917 967 1993 1026 (ut
2018 969 2210 1031 vocant)
2235 973 2279 1024 8,
2304 975 2355 1016 et
2378 969 2511 1016 bolas
2536 974 2578 1016 2.

662 1066 804 1122 Item,
829 1082 890 1114 ex
915 1066 1163 1129 Strathily,
1316 1103 1326 1113 .
1463 1102 1473 1112 .
1611 1103 1620 1112 .
1758 1102 1769 1113 .
1907 1103 1917 1113 .
2055 1104 2066 1113 .
2202 1068 2399 1115 Celdras
2426 1074 2467 1120 7.

662 1165 805 1221 Item,
830 1182 858 1213 e
881 1163 1022 1213 naffis
1041 1165 1319 1225 (vernacula
1340 1166 1517 1229 lingua,
1542 1167 1590 1228 ly
1613 1166 1770 1228 Ziars)
1794 1166 2073 1222 salmonum,
2211 1165 2375 1215 hastas
2399 1173 2442 1214 ⁶2.

664 1265 806 1321 Item,
832 1282 895 1313 ex
918 1265 1184 1320 annalibus,
1210 1264 1462 1313 Inverness
1486 1272 1537 1313 et
1563 1265 1739 1318 Fmess.
1913 1302 1922 1312 .
2060 1303 2070 1313 .
2208 1267 2361 1315 Marc.
2387 1283 2429 1314 v.
2454 1264 2500 1313 d.
2518 1268 2581 1313 xl.

664 1366 806 1422 Item,
831 1382 860 1413 e
881 1366 1031 1413 firmis
1055 1371 1106 1413 et
1130 1367 1302 1413 annuis
1325 1367 1375 1412 in
1400 1365 1571 1428 Elgyn,
1766 1402 1776 1412 .
1913 1403 1923 1412 .
2061 1403 2070 1412 .
2207 1367 2360 1414 Marc.
2388 1372 2430 1414 Ξ.

663 1565 883 1613 Tantulis
920 1581 1033 1628 ergo
1079 1566 1231 1620 bonis,
1278 1566 1524 1628 egregium
1558 1563 1899 1612 monasterium
1939 1580 1968 1611 a
2004 1565 2194 1627 Kynlos
2233 1571 2351 1613 tunc
2386 1582 2585 1614 oecono-

597 1679 786 1710 morum
820 1670 872 1711 et
905 1665 1136 1712 abbatum
1170 1663 1423 1712 oscitantia
1448 1665 1689 1726 perditum
1714 1665 1834 1721 fuit3
1867 1666 1951 1712 ubi
1985 1664 2123 1712 suum
2156 1680 2332 1713 munus
2364 1682 2586 1731 exercere

598 1765 755 1825 caepit
776 1762 983 1811 Thomas
1006 1764 1152 1811 abbas
1175 1766 1336 1811 omnia
1358 1765 1408 1810 in
1432 1764 1606 1811 melius
1626 1767 1813 1820 mutari,
1849 1781 1904 1812 ac
1931 1766 2061 1812 brevi
2085 1767 2314 1827 temporis
2350 1767 2584 1814 curriculo

599 1862 853 1924 duplicatis
887 1863 988 1910 fere
1022 1864 1245 1910 omnibus
1270 1863 1346 1923 (ut
1370 1865 1517 1911 etiam
1549 1880 1677 1911 nunc
1713 1861 1962 1911 clariffime
1986 1863 2190 1927 constat)
2215 1865 2414 1912 infinitis
2437 1881 2587 1912 exun-

601 1963 712 2009 dare
757 1955 895 2009 bonis
941 1961 1092 2009 visum
1139 1960 1223 2010 est.
1315 1963 1394 2010 Ita
1438 1960 1837 2024 promptiffimum
1878 1960 1948 2010 est
1979 1963 2197 2023 judicare
2248 1966 2360 2025 quid
2409 1963 2585 2011 distent

601 2062 763 2122 <juxta
795 2063 1074 2123 paremiam)
1110 2077 1220 2109 aera
1254 2062 1444 2123 lupinis.
1514 2062 1595 2109 Sic
1629 2059 2018 2123 prudentiflimus
2058 2063 2399 2123 paterfamilias
2434 2065 2588 2110 multa

602 2162 817 2223 congerit
840 2158 1042 2207 studiose
1065 2175 1187 2221 quae
1220 2158 1537 2222 ineptiffimus
1567 2159 1763 2221 quisque
1788 2161 1929 2223 longe
1953 2161 2137 2208 facilius
2165 2162 2403 2210 inutiliter
2437 2163 2587 2209 effun-

603 2262 687 2307 dit.
757 2260 854 2307 Sed
879 2261 982 2321 jam
1005 2260 1344 2321 prosequamur
1367 2260 1564 2320 reliqua.

670 2360 798 2408 Sunt
832 2366 884 2407 et
916 2358 1181 2407 salmonum
1225 2357 1507 2421 piscationes
1547 2361 1597 2406 in
1632 2360 1766 2420 aquis
1807 2360 1867 2406 ab
1901 2359 2088 2413 Ithane‚
2130 2361 2347 2420 proxime
2387 2361 2446 2407 ad
2483 2362 2588 2407 illas

604 2460 744 2506 aedes
798 2475 916 2520 quas
954 2459 1096 2520 paulo
1137 2466 1251 2506 ante
1297 2459 1776 2506 commemoravimus
1822 2464 2042 2506 recenter
2077 2460 2126 2505 in
2169 2458 2342 2506 Ellone
2376 2458 2586 2515 stru&as,

606 2561 799 2606 domino
816 2576 845 2606 a
860 2559 1074 2606 Finlater
1091 2559 1334 2614 addictam
1359 2574 1439 2606 eas
1457 2558 1663 2606 Thomas
1679 2559 1838 2614 abbas,
1856 2559 2023 2621 grandi
2043 2565 2355 2607 annumerata
2371 2562 2587 2621 pecunia,

607 2661 654 2705 in
673 2658 1000 2705 novendecem
1019 2674 1169 2706 annos
1188 2659 1375 2704 futuros
1393 2658 1640 2704 conduxit.
1688 2657 1891 2704 Initium
1908 2657 2103 2719 hujusce
2120 2660 2189 2705 rei
2207 2659 2300 2705 fuit
2318 2664 2468 2706 annol
2481 2664 2587 2706 532.

674 2757 858 2804 Eodem
881 2773 1006 2804 anno
1030 2773 1124 2818 quo
1147 2754 1296 2803 isthac
1318 2757 1621 2819 gerebantur,
1657 2757 1782 2817 apud
1817 2772 1995 2802 novum
2020 2757 2225 2818 burgum
2250 2774 2279 2804 a
2301 2757 2588 2812 Setownem,

608 2859 802 2904 domum
838 2857 1073 2919 lapideam
1109 2858 1158 2902 in
1194 2855 1377 2916 aliquot
1412 2855 1623 2902 officinas
1657 2853 1926 2902 distinctam
1962 2871 2016 2902 ac
2050 2855 2316 2911 locabilem,
2358 2857 2417 2902 ad
2457 2855 2589 2902 usum

609 2963 862 3003 nautarum
896 2956 1254 3018 peregrinorum
1289 2955 1677 3009 commeantium,
1702 2955 1887 3016 magnis
1911 2952 2148 3015 impensis,
2186 2970 2296 3001 cum
2320 2954 2485 3001 solario
2509 2971 2590 3000 ex-

610 3055 794 3102 struxit.
847 3055 913 3102 Et
937 3071 1046 3103 cum
1071 3054 1154 3102 illa
1176 3061 1470 3109 curarentur,
1491 3061 1588 3100 tres
1606 3054 1755 3100 etiam
1779 3053 1951 3100 calices
1974 3060 2226 3115 argenteos
2249 3055 2380 3100 intus
2398 3060 2587 3100 tantum

611 3157 861 3202 deauratos
884 3156 944 3202 ad
970 3154 1240 3216 peragenda
1261 3151 1486 3201 sacrificia
1508 3152 1591 3199 suo
1615 3151 1901 3199 monasterio
1926 3159 2113 3214 emptos
2137 3153 2347 3200 tradidit.

627 3246 632 3252 ’
677 3255 736 3301 In
759 3253 988 3314 sequenti,
1013 3270 1138 3309 vero,
1162 3269 1287 3301 anno
1311 3254 1562 3312 coquinam
1586 3253 1645 3298 ad
1668 3250 1799 3298 suam
1822 3251 1980 3299 aulam
2004 3249 2285 3312 ampliffime
2307 3249 2591 3298 exstru&a1n
