2938 3762
997 481 1433 532 MONASTERII
1467 486 1515 534 A
1550 487 1847 538 KYNLOS.
2340 499 2397 543 65

439 605 716 655 Alexandro
740 611 953 670 pontifici
975 610 1158 659 summo
1182 615 1284 674 ejus
1306 617 1511 664 nominis
1533 616 1696 674 sext03
1731 617 1975 683 obfignata
1996 621 2105 669 sunt
2128 624 2396 685 diplomata,

438 712 488 751 et
507 707 556 752 in
575 706 789 754 Scotiam
806 707 1027 770 ocyffime
1049 710 1321 760 transmiffa.
1368 714 1568 770 Verum,
1592 719 1718 777 quod
1735 734 1831 765 non
1854 726 2059 781 putares,
2083 723 2123 768 is
2147 724 2227 782 qui
2245 724 2398 770 fuerat

437 806 610 851 author
631 808 947 854 curandorum
965 810 1293 869 diplomatum,
1319 811 1549 874 Magister
1566 816 1789 863 videlicet
1806 817 1838 864 J
1841 834 2016 865 oannes
2034 819 2264 882 Lyndsay,
2289 837 2398 868 con-

437 904 615 950 festum
649 907 900 967 negocium
935 907 1209 968 aliquandiu
1242 917 1504 958 remoratus
1528 911 1611 959 est.
1680 914 1740 960 In
1764 915 1901 963 causa
1933 924 2094 964 autem
2129 920 2221 965 fuit
2254 920 2398 966 abbas

439 999 724 1058 Gulielmus,
749 1006 844 1063 qui,
868 1002 979 1051 suae
1001 1009 1310 1066 promotionis
1330 1008 1404 1068 (ut
1422 1012 1576 1073 aiunt)
1595 1012 1855 1073 diplomata
1868 1015 1927 1061 ab
1944 1016 2111 1062 eodem
2130 1018 2396 1078 importata,

436 1099 653 1161 neglexit
686 1103 946 1158 redimere,
981 1103 1283 1153 existimabat
1318 1110 1445 1154 enim
1471 1110 1573 1169 jam
1608 1111 1759 1157 616ἃο
1789 1112 1938 1160 altero
1962 1114 2132 1161 abbate
2155 1116 2273 1161 nihil
2307 1113 2398 1163 effe

436 1213 554 1258 opus
593 1200 687 1246 illis
727 1200 820 1247 suis
860 1202 1210 1263 diplomatibus.
1296 1206 1481 1253 Verum
1525 1214 1771 1264 mercator,
1811 1213 1892 1271 qui
1936 1212 2136 1259 multam
2175 1231 2359 1270 Mercator

436 1296 745 1359 insumpserat
769 1302 817 1346 in
854 1317 910 1347 ea
931 1317 983 1348 re
1005 1305 1269 1363 pecuniam,
1295 1304 1529 1351 diversum
1562 1305 1760 1362 sentire;
1795 1315 1938 1368 atque
1971 1311 2136 1356 eadem
2176 1319 2399 1369 Flammigus

435 1410 578 1455 opera
612 1414 789 1452 curare,
814 1406 870 1444 ut
892 1398 1170 1460 posteriores
1202 1403 1385 1450 labores
1418 1407 1622 1465 priorem
1656 1422 1817 1453 curam
1841 1412 1890 1453 et
1914 1409 2139 1455 damnum
2179 1405 2306 1442 Forus.

436 1493 672 1541 sarcirent.
742 1497 801 1543 Id
824 1499 907 1544 ubi
941 1500 1184 1547 intellexit
1219 1503 1438 1548 dominus
1473 1503 1689 1559 Thomas,
1725 1504 2024 1552 Aberdonias
2051 1504 2120 1552 est.
2152 1508 2397 1568 profeaus,

435 1599 486 1639 et
526 1610 636 1641 cum
676 1595 872 1643 honesto
907 1600 1006 1644 viro
1046 1598 1323 1647 Alexandro
1364 1601 1494 1663 Gray
1532 1603 1657 1649 bona
1695 1604 1787 1650 fide
1827 1605 1886 1650 de
1922 1606 2119 1666 negocio
2157 1604 2396 1666 transegit.

435 1693 665 1755 Acceptis
688 1694 780 1742 suis
805 1703 854 1742 et
878 1696 1238 1758 praedecessoris
1262 1700 1612 1761 diplomatibus,
1648 1703 1707 1748 ad
1729 1700 2065 1749 monasterium
2098 1704 2253 1750 rediit.
2322 1702 2397 1749 Ac

434 1803 495 1838 ex
530 1808 660 1839 more
695 1801 926 1856 exceptus
950 1812 978 1842 a
1001 1803 1243 1844 conventu
1279 1798 1360 1858 (fic
1394 1800 1464 1845 illi
1493 1799 1770 1861 loquuntur)
1794 1802 1844 1846 in
1867 1801 2129 1862 capitulum
2162 1801 2291 1848 suam
2316 1818 2397 1847 ex-

434 1891 695 1951 plicaturus
719 1894 1060 1941 authoritatem
1085 1902 1134 1942 et
1156 1903 1347 1958 patrum
1371 1899 1691 1945 obedientiam
1716 1898 1789 1958 (ut
1812 1900 1885 1960 fit)
1911 1898 2205 1961 suscepturus
2228 1902 2358 1946 abiit.

501 1991 593 2037 His
616 1994 708 2038 rite
731 1995 930 2054 peraffis
954 2001 1003 2040 et
1027 1997 1265 2050 canonice,
1290 1999 1447 2057 coepit
1469 1996 1673 2043 Thomas
1707 1998 1851 2044 abbas
1886 1999 1944 2044 de
1978 1998 2222 2045 literarum
2245 1997 2397 2044 studio

434 2088 692 2137 intermisso
726 2090 885 2138 secum
920 2099 1157 2154 reputare.
1226 2094 1469 2141 Suadebat
1492 2097 1670 2157 ingenii
1698 2097 1885 2142 bonitas
1917 2103 1966 2142 et
2002 2113 2113 2142 cura
2142 2095 2395 2157 pastoralis,

434 2195 489 2234 ut
514 2190 573 2235 ad
597 2192 861 2251 emporium
896 2192 1129 2239 bonarum
1152 2195 1328 2240 artium
1363 2200 1649 2254 properaret,
1684 2195 1812 2240 unde
1834 2193 1943 2240 suae
1967 2196 2151 2241 animae
2174 2195 2397 2255 pabulum

435 2294 484 2333 et
526 2287 619 2334 suis
658 2291 901 2336 monachis
941 2292 1149 2338 ubertim
1194 2291 1443 2354 suggerere
1483 2293 1654 2338 deinde
1688 2292 1880 2339 valeret.
1950 2292 2007 2338 Id
2044 2294 2167 2352 quod
2207 2290 2396 2347 fecisset,

434 2385 521 2432 nifi
567 2403 680 2433 cura
724 2390 793 2434 rei
838 2389 1095 2443 familiaris,
1142 2406 1239 2436 non
1279 2397 1468 2437 tantum
1508 2389 1602 2444 sua,
1643 2406 1807 2436 verum
1853 2392 1998 2437 etiam
2043 2388 2395 2451 praedecessoris

434 2486 632 2540 abbatis,
664 2487 724 2532 ad
758 2487 842 2533 has
877 2493 1183 2534 externorum
1221 2490 1519 2550 negotiorum
1553 2488 1702 2550 syrtes
1736 2504 1832 2534 non
1865 2488 2014 2534 solum
2055 2486 2283 2536 evocafl'et
2316 2489 2395 2534 sed

434 2582 689 2646 impuliffet
725 2601 926 2646 quoque.
1011 2586 1164 2633 Tanto
1205 2589 1333 2633 enim
1372 2603 1480 2634 aere
1520 2587 1673 2633 alieno
1713 2588 2016 2648 premebatur
2050 2603 2134 2648 per
2166 2589 2394 2633 incuriam

433 2682 674 2744 pastorum
707 2686 785 2731 hic
819 2685 950 2732 locus
984 2692 1040 2731 ut
1073 2702 1196 2746 pene
1230 2686 1362 2732 nulla
1395 2685 1497 2747 spes
1530 2683 1781 2746 supereffet
1814 2686 2001 2732 futurae
2035 2683 2392 2731 instaurationis.

435 2783 667 2829 Potentes
691 2800 745 2830 ac
768 2784 951 2830 nobiles
975 2790 1137 2831 autem
1161 2786 1242 2844 qui
1264 2785 1482 2831 habitant
1505 2786 1726 2831 viciniam
1748 2782 2029 2838 monasterii,
2054 2785 2112 2830 ad
2134 2782 2180 2829 se
2204 2782 2393 2843 quisque

434 2897 508 2928 res
531 2881 670 2928 sacris
694 2879 851 2928 ufibus
875 2881 1132 2930 destinatas
1167 2898 1358 2943 rapere:
1394 2881 1704 2944 piscationum
1738 2897 1880 2943 aquas
1913 2882 2182 2942 profanare:
2218 2897 2271 2928 ac
2294 2881 2394 2942 pos-

435 2978 708 3027 seffionibus
748 2982 991 3028 monachis
1031 2979 1269 3043 affigfiatis
1305 2987 1361 3027 ut
1393 2980 1485 3027 suis
1519 2983 1605 3027 uti.
1673 2981 1874 3027 Tantam
1913 2981 2244 3041 indignitatem
2285 2995 2394 3025 cum

434 3080 618 3126 videret
652 3080 856 3126 Thomas
891 3080 1050 3134 abbas,
1085 3085 1135 3126 et
1170 3095 1249 3125 aes
1283 3086 1510 3140 magnum
1535 3081 1584 3124 in
1607 3079 1893 3124 redimendis
1927 3077 2262 3137 diplomatibus
2285 3092 2394 3123 con-

434 3179 602 3225 flatum
625 3194 721 3224 non
744 3180 995 3240 ignoraret,
1031 3179 1187 3239 coepit
1221 3179 1378 3224 animo
1402 3177 1590 3223 volvere
1625 3191 1717 3236 quo
1753 3177 1886 3236 pasto
1920 3174 2089 3221 melius
2113 3172 2197 3221 fibi
2220 3174 2393 3234 suoque

433 3276 716 3324 monasterio
751 3276 994 3324 consulere
1028 3274 1190 3338 pofl‘et.
1259 3275 1325 3322 Et
1360 3276 1572 3335 quamvis
1607 3275 1851 3320 literarum
1884 3274 2021 3320 ardor
2052 3273 2308 3334 plurimum
2331 3274 2388 3318 ad
