2938 3762
955 449 1396 500 MONASTERII
1430 453 1478 499 A
1515 454 1812 503 KYNLOS.
2294 467 2350 508 13

403 780 465 825 IN
491 780 782 827 H1s⁷ronlAM
807 781 1132 829 MONASTERII
1167 798 1198 830 A
1221 784 1448 842 KYNLOS,
1471 787 1688 835 JOANNIS
1711 788 1960 836 FERRERII
1985 790 2356 838 PEDEMONTANI

1176 897 1464 939 PRAEFATIO,
1490 899 1594 932 E'rc.

470 1075 792 1124 KYNLUSCHE
816 1078 942 1133 olim,
968 1080 1118 1126 veluti
1141 1083 1408 1142 accepimus
1441 1098 1470 1128 a
1502 1082 1691 1144 linguae
1726 1083 2025 1144 Hybernicae
2058 1084 2352 1145 peritiffimis,

404 1175 535 1222 locus
559 1177 651 1222 fuit
673 1176 843 1237 planus
874 1184 924 1224 et
949 1179 1202 1225 herbarum
1225 1182 1359 1240 copia
1379 1177 1714 1235 refertiffimus,
1750 1197 1889 1241 quem
1923 1181 2050 1243 sylva
2083 1182 2353 1238 denfiffima,

403 1280 459 1319 ut
482 1275 628 1320 etiam
652 1289 713 1320 ex
734 1273 844 1335 ipfis
867 1272 1074 1337 vestigiis
1096 1275 1343 1322 manifeste
1366 1278 1581 1332 vidimus,
1617 1278 1986 1339 quaquaversum
2018 1281 2355 1342 compleera-

403 1378 495 1418 tur.
566 1372 697 1418 Hinc
720 1373 897 1419 factum
924 1373 995 1419 illi
1029 1389 1204 1420 nomen
1237 1379 1410 1435 putant
1445 1374 1661 1422 Scoticae
1689 1376 1877 1437 linguae
1910 1378 2190 1438 interpretes
2224 1379 2357 1439 Kyn-

403 1469 592 1517 lusche:
629 1468 757 1531 quafi
781 1472 973 1526 diceres,
1006 1471 1163 1533 Caput
1195 1473 1461 1519 herbarum.
1529 1473 1607 1520 Ita
1639 1489 1723 1534 per
1754 1471 1916 1520 filvam
1949 1478 2356 1535 praetereuntibus

403 1571 640 1617 arridebat
664 1586 858 1631 campus
894 1570 976 1616 ille
1009 1573 1278 1632 gramineus
1312 1577 1362 1617 et
1396 1571 1685 1626 florulentus,
1720 1578 1775 1618 ut
1808 1574 1918 1619 inde
1952 1589 2125 1621 nomen
2159 1591 2252 1621 non
2287 1578 2356 1622 in-

404 1647 655 1715 venustum
679 1670 989 1716 adinvenerit.
1059 1669 1155 1716 Sed
1177 1668 1363 1730 postera
1385 1676 1514 1716 aetas
1537 1671 1677 1730 paulo
1694 1671 2008 1732 negligentior
2029 1673 2088 1717 ad
2112 1671 2355 1719 vetustatis

404 1769 682 1814 memoriam
715 1769 1027 1822 retinendam,
1064 1774 1113 1814 et
1153 1769 1432 1814 idiomatum
1466 1769 1733 1829 corruptela
1771 1784 1856 1829 per
1888 1767 2176 1830 Anglicanas
2209 1773 2356 1831 irrup-

405 1868 562 1913 tiones
593 1867 875 1921 introdu&a,
899 1866 991 1912 loci
1017 1867 1301 1913 vocabulum
1334 1868 1531 1912 invertit
1550 1883 1559 1912 :
1595 1883 1649 1912 ac
1673 1882 1755 1926 pro
1780 1865 2066 1927 Kynlusche,
2090 1868 2263 1915 fadum
2287 1868 2354 1914 est

404 1981 581 2011 nomen
605 1965 793 2026 Kynlos
817 1970 1038 2025 corrupte
1059 1980 1145 2025 pro
1170 1963 1447 2025 Kynlusche
1471 1965 1606 2018 forte,
1630 1965 1678 2009 id
1702 1961 1781 2018 est,
1801 1964 1957 2025 Caput
1978 1965 2163 2012 herbae.
2233 1966 2355 2011 Sunt

406 2065 487 2124 qui
511 2070 561 2110 et
585 2062 758 2110 Kilflos
796 2064 969 2116 dicant,
994 2060 1073 2108 sed
1106 2060 1285 2123 inepte*
1305 2064 1449 2109 etiam
1485 2079 1513 2109 a
1534 2061 1688 2109 nescio
1712 2078 1805 2122 qua
1827 2079 1942 2109 voce
1967 2061 2250 2124 Hybernica,
2274 2081 2356 2125 per

404 2178 547 2224 quam
570 2168 745 2224 putant
778 2163 906 2208 hunc
943 2162 1101 2207 locum
1137 2159 1378 2222 defignari,
1403 2166 1453 2206 et
1487 2161 1769 2207 tantundem
1792 2161 1961 2215 valere,
1997 2178 2051 2208 ac
2074 2158 2107 2206 fi
2131 2165 2232 2222 quis
2257 2164 2356 2209 dix-

405 2263 508 2316 erit,
534 2258 794 2308 Ecclefiam
817 2261 1000 2306 florum.
1069 2259 1172 2320 Ego
1191 2275 1315 2313 vero,
1340 2261 1552 2319 quamvis
1574 2275 1669 2305 non
1692 2261 1901 2320 ignorem
1925 2259 2076 2305 multa
2098 2257 2185 2305 effe
2208 2260 2357 2306 vetus-

404 2363 519 2407 tatis
547 2366 860 2405 monumenta
894 2358 1039 2404 nullis
1073 2373 1281 2418 unquam
1315 2372 1399 2417 per
1435 2355 1640 2417 posteros
1674 2357 1949 2417 conjeflzuris
1983 2358 2236 2410 enodanda,
2262 2374 2355 2403 non

405 2465 569 2505 tamen
592 2473 757 2504 vereor
778 2457 850 2502 illi
872 2455 1137 2503 sententiae
1159 2453 1456 2508 subscribere,
1481 2469 1602 2514 quae
1623 2455 1811 2514 propius
1834 2455 2014 2500 ratione
2036 2455 2191 2514 aliqua
2212 2454 2354 2515 ipsam

406 2558 744 2617 antiquitatem
768 2556 990 2615 effingere
1012 2551 1138 2614 pofl'e
1161 2553 1388 2598 videatur.
1458 2551 1532 2597 Ac
1555 2551 1795 2611 probabile
1819 2549 1899 2604 est,
1925 2551 2071 2596 veluti
2096 2568 2121 2597 e
2144 2554 2356 2611 proxima

405 2654 744 2718 significatione
767 2655 825 2699 de
849 2654 1042 2698 nomine
1060 2647 1368 2697 vetustiffimo
1387 2648 1674 2710 Kynlusche,
1692 2650 1781 2694 hoc
1805 2646 1885 2702 est,
1902 2648 2069 2708 Capite
2091 2650 2351 2703 herbarum,

407 2756 592 2815 Regem
616 2753 774 2799 David
796 2752 936 2810 hujus
970 2750 1062 2796 loci
1095 2749 1396 2795 fundatorem
1430 2753 1641 2808 etymum
1676 2743 1908 2793 deflexisse
1930 2746 2271 2805 aliquantulum
2305 2755 2354 2793 et

407 2849 570 2900 dixiffe
594 2848 855 2903 Killusche,
888 2854 943 2894 ut
979 2863 1088 2894 cum
1123 2862 1246 2893 nova
1279 2843 1521 2900 stmfitura,
1554 2843 1763 2906 surgeret
1798 2850 1847 2890 et
1881 2859 2053 2889 novum
2090 2843 2354 2891 monasterii

409 2966 597 3004 nomen,
622 2950 711 2995 hoc
736 2946 805 2994 est
830 2944 1039 2992 Ecclefia
1060 2946 1325 2991 herbarum.
1396 2944 1475 2990 Sic
1509 2959 1596 2989 nec
1618 2941 1800 3003 prorsus
1823 2938 2029 2988 ammiss'a
2050 2957 2137 2987 nec
2166 2943 2355 2987 omnino

408 3055 597 3096 retenta
619 3053 757 3094 vetus
781 3038 1081 3106 etymologia,
1106 3044 1174 3089 ita
1196 3041 1291 3088 sese
1314 3043 1487 3104 ingerit
1509 3042 1582 3086 his
1605 3041 1684 3099 qui
1708 3040 1881 3086 callent
1902 3040 2166 3099 hybernice,
2192 3046 2246 3086 ut
2267 3041 2355 3085 hoc

407 3149 558 3195 solum
584 3161 747 3192 verum
784 3141 872 3191 effe
906 3143 1151 3196 credatur3
1185 3141 1350 3186 multis
1384 3136 1714 3186 attestantibus
1738 3138 1863 3197 quod
1895 3139 1945 3182 in
1968 3140 2355 3184 commentarium

406 3248 668 3293 mittimus:
706 3250 892 3290 caetera
914 3248 1075 3288 autem
1099 3241 1158 3287 ab
1180 3239 1474 3300 ignoratione
1491 3237 1678 3282 initium
1697 3232 1930 3296 accepisse,
1947 3241 1996 3282 et
2014 3237 2357 3283 contemnenda
