2938 3762
588 455 647 501 68
1219 451 1551 501 HISTORIA
1585 451 1930 502 ABBATUM

584 591 752 632 contra
780 585 1037 639 nitebatur,
1073 589 1124 630 et
1148 581 1360 630 vetustos
1383 584 1434 630 in
1470 599 1528 631 ea
1560 590 1698 646 parte
1711 600 1941 648 agrorum
1964 585 2143 633 limites
2176 587 2447 635 clanculum
2477 590 2562 637 ali-

582 684 772 745 quando
787 683 847 730 ab
865 683 1040 742 iniquis
1054 682 1326 729 hominibus
1339 680 1587 730 submotos
1602 683 1887 731 inculcabat.
1930 683 2040 739 Res,
2058 690 2304 747 utcunque
2322 685 2562 735 vetustate

583 783 818 844 ambigua,
842 782 894 827 in
926 780 1132 828 multam
1154 782 1518 828 contentionem
1540 783 1787 844 prorupit3
1823 781 1901 830 sed
1926 784 2101 831 veritas
2136 783 2235 845 ipsa
2269 785 2561 846 aliquamdiu

581 882 788 929 eluanata
810 886 954 941 caput
977 877 1140 941 postea
1172 881 1378 927 exeruit.
1448 880 1580 927 Nam
1602 882 1653 927 in
1677 879 1885 929 consessu
1919 883 2222 931 dominorum
2245 884 2563 946 parliamenti,

582 977 686 1041 post
706 993 884 1026 nonam
909 978 1071 1039 (quam
1095 980 1289 1041 vocant)
1314 976 1577 1035 seffionem‚
1602 981 1851 1028 decretum
1875 978 1959 1036 est,
1985 987 2042 1028 ut
2065 997 2226 1030 comes
2249 983 2562 1046 Argatheliae

583 1078 956 1126 Archimbaldus
1002 1077 1325 1139 Campbessus,
1372 1094 1483 1125 cum
1517 1078 1622 1126 aliis
1655 1079 1897 1126 nobilibus
1932 1081 2060 1135 viris,
2095 1081 2247 1128 veluti
2287 1082 2466 1130 arbiter
2505 1084 2564 1130 de

583 1179 757 1225 finibus
780 1192 1002 1240 agrorum
1024 1178 1152 1223 inter
1173 1177 1399 1224 abbatem
1422 1183 1473 1224 et
1495 1177 1529 1224 J
1531 1193 1738 1225 oannem
1773 1178 1993 1235 Cumein‚
2028 1178 2238 1240 speaato
2273 1178 2566 1243 lustratoque

585 1278 703 1333 loco,
748 1277 885 1323 litem
919 1276 1052 1323 illam
1087 1276 1346 1323 dirimeret.
1430 1276 1540 1332 Qui,
1582 1277 1665 1323 ubi
1701 1278 1794 1324 rite
1835 1276 2127 1340 cognoviffet
2160 1280 2222 1326 de
2253 1278 2463 1342 fingulis,
2510 1288 2566 1327 ut

582 1376 774 1438 publico
804 1372 1120 1421 instrumento
1155 1375 1447 1422 circuitionis
1471 1373 1553 1434 (fic
1577 1376 1646 1422 illi
1670 1375 1952 1438 loquuntur)
1977 1378 2103 1439 apud
2127 1377 2316 1439 Kynlos
2339 1376 2566 1426 affervato

585 1474 768 1523 constat
791 1471 1091 1537 apertiffime,
1115 1473 1375 1521 secundum
1398 1475 1623 1522 abbatem
1646 1490 1749 1522 rem
1773 1476 1993 1523 confecit.

652 1575 771 1622 Erat
804 1575 950 1620 etiam
980 1579 1087 1619 tum
1109 1575 1339 1634 temporis
1362 1573 1749 1621 Aberdoniarum
1774 1577 2040 1622 vicecomes
2071 1576 2148 1635 (ut
2171 1578 2327 1638 aiunt)
2352 1578 2567 1625 Alexan-

586 1676 669 1721 der
692 1673 976 1726 Banarman,
1002 1672 1084 1732 qui
1107 1671 1270 1718 abbati
1294 1672 1354 1718 de
1378 1687 1490 1733 agro
1514 1671 1741 1719 ecclefiae
1764 1674 1824 1720 ab
1843 1672 2017 1720 Ellone
2035 1674 2282 1736 negotium
2307 1673 2565 1723 facesseret.

585 1774 709 1820 Cum
744 1771 828 1818 illo
858 1777 956 1817 tres
988 1784 1137 1817 annos
1159 1775 1289 1816 totos
1323 1770 1565 1832 litigatum
1590 1768 1689 1826 est;
1723 1769 1962 1832 postremo
1994 1777 2165 1820 tamen'
2187 1773 2349 1820 abbati
2375 1775 2570 1821 victoria

586 1870 732 1920 ceffit.

652 1971 750 2019 Sed
771 1948 892 2018 illud
913 1970 1104 2031 majoris
1124 1969 1218 2015 fuit
1234 1970 1481 2023 momenti,
1501 1969 1629 2030 quod
1647 1967 1895 2016 adversum
1913 1969 2247 2017 Alexandrum
2267 1970 2565 2019 Gordonium

585 2071 811 2119 comitem
846 2069 1134 2123 Huntleum‚
1170 2074 1275 2114 toto
1309 2067 1571 2129 septenniO,
1606 2083 1703 2114 non
1738 2069 1922 2115 minore
1956 2069 2211 2129 prudentia
2244 2085 2385 2130 quam
2420 2072 2564 2117 animi

587 2167 862 2223 constantia,
908 2169 968 2214 ab
1014 2168 1183 2213 eodem
1229 2167 1402 2213 abbate
1447 2181 1532 2226 pro
1578 2164 1661 2212 suo
1701 2163 1986 2212 monasterio
2026 2168 2209 2214 tuendo
2253 2166 2441 2230 gestum
2482 2169 2564 2215 est.

588 2268 826 2330 Cupiebat
849 2266 1141 2320 Alexander,
1166 2281 1228 2311 ex
1253 2264 1488 2325 Strathily
1511 2265 1709 2311 baronia
1731 2280 1875 2326 quam
1897 2265 2079 2312 habent
2102 2267 2323 2313 monachi
2347 2273 2398 2313 et
2422 2268 2567 2314 abbas

589 2384 617 2413 a
640 2366 842 2428 Kynlos,
865 2379 1032 2427 agrum
1056 2363 1278 2410 Ballacht
1301 2361 1412 2409 suae
1435 2359 1698 2423 poffeffioni
1722 2363 1976 2418 accedere;
2011 2370 2061 2409 et
2085 2379 2195 2410 cum
2226 2364 2413 2411 nullum
2437 2367 2486 2412 in
2511 2383 2567 2413 ea

589 2482 639 2512 re
666 2466 747 2526 jus
782 2464 995 2517 haberet,
1030 2462 1191 2508 abbati
1215 2467 1380 2508 tamen
1403 2462 1454 2507 in
1476 2462 1660 2509 refimm
1682 2464 2017 2524 propugnanti,
2052 2479 2150 2510 non
2183 2462 2329 2511 semel
2362 2472 2567 2513 mortem

591 2563 985 2611 comminabatur.
1055 2559 1244 2607 Verum
1265 2575 1355 2607 nec
1378 2560 1639 2607 terroribus
1663 2560 1759 2607 illis
1781 2562 1954 2608 adduci
1977 2563 2137 2623 potuit
2161 2563 2306 2611 abbas
2323 2570 2380 2610 ut
2403 2567 2565 2611 comiti

591 2665 810 2718 cederet3
832 2676 1007 2722 nempe
1024 2661 1084 2707 ad
1107 2661 1407 2706 mentionem
1423 2659 1592 2705 mortis
1614 2660 1880 2721 intrepidus
1903 2660 2090 2722 semper
2106 2663 2157 2708 in
2180 2664 2419 2710 anteriora
2439 2662 2568 2725 saga-

591 2760 768 2810 ciffime
790 2757 1183 2822 proficiscebatur.
1251 2757 1479 2811 Tandem,
1515 2755 1620 2818 post
1653 2758 1866 2805 infinitos
1890 2764 1941 2805 et
1963 2761 2110 2807 animi
2135 2766 2185 2807 et
2209 2763 2415 2822 corporis
2439 2762 2569 2809 labo-

592 2877 679 2916 res,
703 2855 1140 2918 acerbiffimamque
1174 2857 1548 2910 contentionem,
1585 2862 1751 2917 optato
1773 2857 1870 2904 fine
1892 2859 2076 2918 potitus
2100 2856 2171 2905 est
2192 2860 2350 2907 abbas.
2419 2861 2495 2908 Ac
2518 2863 2567 2907 in

592 2957 784 3020 hujusce
806 2959 875 3004 rei
898 2956 1191 3009 memoriam,
1227 2953 1507 3000 Alexander
1541 2969 1699 3000 comes
1732 2953 1841 3002 suae
1876 2953 2092 3003 ceffionis
2121 2958 2367 3019 publicum
2401 2957 2569 3005 instru-

594 3064 813 3106 mentum
849 3056 1114 3117 imperavit‚
1151 3055 1228 3101 cni
1263 3059 1313 3099 et
1346 3051 1552 3115 figillum
1592 3051 1742 3109 suum,
1784 3060 1839 3100 ut
1875 3056 1923 3101 in
1959 3054 2148 3128 Kynlos
2170 3058 2333 3104 videre
2355 3055 2438 3112 est,
2462 3073 2568 3118 pro-

597 3158 787 3220 pendet.

664 3255 795 3302 Huic
834 3229 1187 3315 impeditiffimo
1210 3252 1408 3313 negocio
1442 3247 1632 3298 acceffit
1656 3250 1922 3299 Alexandri
1946 3253 2007 3300 ab
2030 3252 2209 3300 Huntli
2234 3255 2421 3301 comitis
2443 3254 2570 3303 soror
