2938 3762
595 429 622 474 6
1229 427 1560 475 HISTORIA
1596 427 1941 477 ABBATUM

592 559 874 620 principum,
910 558 1080 619 quibus
1105 558 1318 620 vulgaria
1339 556 1578 621 crassaque
1608 561 1776 607 mundi
1799 562 2066 608 traaaantur
2095 563 2301 624 negotia,
2339 565 2574 610 accedunt

596 657 934 720 Episcoporum
958 673 1068 704 cum
1091 656 1309 704 universo
1336 658 1464 706 clero
1487 664 1633 720 atque
1657 660 1957 715 monachatu,
1982 658 2212 709 sanaiora
2240 662 2574 724 gubernacula,

596 773 718 818 quae
743 756 835 804 Dei
860 755 974 819 Opt.
1001 756 1136 804 Max.
1161 756 1384 805 adversus
1407 773 1494 805 nos
1528 759 1736 806 furorem
1771 757 2091 821 compescunt,
2127 767 2183 807 ut
2214 761 2264 807 in
2295 775 2412 822 pace
2452 762 2576 807 bene

596 857 831 917 beateque
865 856 1109 918 degamus.
1180 855 1296 903 Non
1337 855 1506 904 desunt
1543 857 1696 905 Verbi
1742 873 2014 920 praecones,
2050 859 2111 906 ad
2143 857 2486 907 instituendam
2527 862 2575 906 in

597 956 703 1017 lege
726 954 923 1001 Domini
946 955 1153 1017 plebem,
1177 971 1239 1002 ne
1258 955 1334 1002 vel
1359 955 1610 1004 oscitantia
1632 958 1783 1019 magis
1806 971 1949 1020 quam
1974 963 2271 1019 contemptu,
2295 958 2372 1005 vel
2395 960 2579 1020 ignora-

598 1055 730 1101 tione
770 1069 960 1115 quoque
1002 1054 1163 1101 Deum
1203 1055 1263 1102 ad
1310 1055 1689 1117 indignationem
1728 1061 1970 1117 provocet,
2009 1063 2060 1102 et
2101 1053 2164 1103 fic
2201 1058 2251 1103 in
2290 1056 2418 1104 bella
2462 1056 2581 1104 sedi-

599 1152 845 1214 tionesque
874 1150 1083 1215 proruat,
1107 1153 1242 1201 nulla
1256 1155 1449 1201 ‘ratione
1472 1169 1616 1215 quam
1638 1155 1820 1215 pietate
1843 1154 2094 1202 tollendas.
2166 1152 2278 1201 Post
2302 1155 2388 1202 hos
2412 1155 2487 1213 (ut
2511 1158 2582 1202 in-

599 1254 741 1300 terim
773 1254 995 1300 omittam
1030 1253 1246 1301 cellarias
1269 1259 1320 1300 et
1342 1254 1643 1302 mechanicas
1676 1260 1817 1308 artes,
1851 1255 1903 1300 in
1939 1253 2119 1300 multos
2146 1253 2256 1301 usus
2287 1253 2581 1315 necessarias)

599 1350 949 1414 subsequuntur
971 1353 1205 1400 bonarum
1227 1353 1475 1401 literarum
1498 1351 1788 1415 professores,
1812 1354 1984 1414 quibus
2007 1355 2245 1401 incumbit
2270 1355 2581 1416 Juventutem

601 1452 660 1499 ad
697 1452 943 1499 meliorem
983 1453 1169 1514 frugem
1209 1458 1502 1499 convertere.
1572 1452 1714 1499 Pium
1754 1451 1865 1499 sane
1904 1451 2212 1514 san&umque
2252 1455 2512 1516 negotium,
2549 1452 2582 1499 fi

602 1560 766 1599 tamen
802 1553 895 1599 rite
928 1552 1141 1599 obeatur.
1224 1551 1301 1598 Ex
1340 1552 1428 1607 his,
1465 1552 1617 1600 veluti
1656 1550 1930 1608 seminariis,
1971 1554 2209 1615 prodeunt
2250 1552 2583 1614 Imperatores,

603 1651 761 1713 Reges
801 1658 852 1698 et
887 1651 1147 1712 Principes,
1187 1666 1243 1698 ac
1278 1650 1764 1724 Rerumpublicarum
1805 1650 2055 1707 custodes3
2102 1667 2165 1698 ex
2203 1652 2279 1698 his
2313 1651 2586 1705 Pontifices,

602 1750 880 1805 sacerdotes,
914 1751 1352 1811 monachorumque
1386 1751 1621 1798 examina.
1690 1749 1768 1798 Ac
1801 1758 1858 1798 ut
1897 1752 2060 1813 paucis
2099 1751 2256 1798 multa
2285 1751 2585 1812 compleaar,

604 1848 821 1897 universa
866 1849 1177 1911 Reipublicae
1222 1847 1345 1896 salus
1390 1865 1419 1896 a
1463 1850 1591 1897 re&a
1633 1850 1908 1911 juventutis
1953 1848 2254 1897 institutione
2305 1851 2585 1911 propendet.

605 1950 763 2005 Quam
795 1946 832 1995 fi
866 1949 1024 1995 minus
1058 1949 1182 1995 bene
1226 1949 1562 2004 curaverimus,
1595 1964 1693 1996 non
1739 1950 1895 1997 dicam
1941 1964 2086 2010 quam
2119 1946 2475 2011 praeposterum
2528 1946 2587 1994 fit

605 2049 858 2110 negocium
888 2047 1005 2095 talia
1035 2047 1204 2102 facere,
1229 2048 1533 2108 experiemur
1553 2049 1751 2095 tandem
1774 2045 1961 2095 nostrae
1984 2047 2307 2110 negligentiae
2329 2049 2588 2094 incommo-

606 2149 782 2195 ditates
804 2147 1045 2209 plurimas.
1095 2146 1161 2193 Et
1184 2162 1303 2207 quos
1326 2148 1376 2193 in
1400 2146 1714 2208 Reipublicae
1736 2145 1940 2195 salutem
1974 2163 2060 2209 per
2093 2145 2393 2195 oscitantiam
2417 2148 2588 2194 educae

606 2249 788 2302 bamus,
816 2248 920 2308 jam
954 2247 1005 2292 in
1044 2246 1171 2293 faces
1211 2246 1498 2307 publicaque
1542 2246 1766 2294 incendia
1806 2246 1941 2294 nulla
1979 2253 2083 2294 arte
2122 2244 2468 2310 exstinguenda
2507 2263 2589 2293 ex-

607 2348 743 2393 citari
781 2343 942 2392 nostro
979 2351 1030 2391 et
1067 2346 1280 2391 omnium
1317 2344 1446 2392 malo
1483 2343 1840 2406 conspiciemus.
1926 2345 2111 2392 Curent
2146 2347 2295 2408 igitur
2318 2348 2399 2407 qui
2427 2346 2589 2393 literas

609 2447 796 2500 docent,
820 2441 959 2491 simul
982 2450 1033 2491 et
1055 2454 1213 2490 mores
1236 2443 1387 2490 bonos
1409 2441 1639 2491 instillare
1662 2445 1712 2490 in
1729 2442 2000 2505 pe&uscula
2021 2451 2188 2492 tenera
2196 2444 2470 2506 juventutis
2492 2459 2590 2491 om-

610 2546 744 2590 nium
773 2544 973 2604 capacis.
1042 2542 1302 2590 Revellant
1335 2539 1371 2590 fi
1394 2558 1517 2603 quae
1553 2540 1664 2589 sunt
1698 2542 1825 2590 mala
1857 2544 2073 2606 gramina
2107 2545 2329 2606 primum,
2354 2553 2420 2591 ne
2438 2545 2589 2590 virtus

610 2648 828 2690 recenter
848 2640 962 2696 sata,
997 2641 1249 2688 inutilibus
1270 2639 1527 2689 suffocetur
1548 2642 1721 2697 herbis,
1751 2657 1841 2689 nec
1863 2639 2003 2703 poffit
2033 2640 2313 2690 adolescere.
2383 2641 2442 2688 In
2465 2643 2593 2689 rudi-

611 2743 787 2790 mentis
822 2741 1156 2803 grammatices
1190 2739 1462 2794 trafitandis,
1494 2736 1588 2787 fint
1610 2739 1857 2801 aliquanto
1880 2737 2179 2787 curiosiores:
2214 2747 2272 2788 ut
2307 2742 2462 2788 bonae
2492 2740 2590 2802 spei

602 2845 806 2902 juvenes
841 2839 1118 2902 intelligant
1150 2854 1273 2900 quae
1310 2835 1368 2885 fit
1398 2840 1601 2900 propria,
1637 2853 1761 2900 quae
1783 2840 1933 2900 tropis
1956 2845 2006 2886 et
2029 2838 2347 2886 schematibus
2369 2841 2591 2887 redimita

612 2942 777 2995 oratio,
801 2946 886 2987 aut
908 2937 1192 3000 hujusmodi.
1250 2937 1494 2999 Deinceps
1511 2939 1661 2986 citato
1684 2937 1796 2986 satis
1818 2937 1962 3000 passu,
1986 2939 2045 2985 ad
2070 2946 2289 2986 veterum
2310 2938 2589 3000 scriptorum

613 3040 878 3092 lecStionem,
903 3037 1009 3085 suos
1031 3038 1274 3089 auditores
1296 3037 1577 3086 traducant:
1615 3044 1672 3084 ut
1693 3052 1813 3098 quos
1836 3038 2128 3085 imbiberunt
2150 3040 2483 3101 grammatices
2514 3054 2589 3084 ca-

613 3151 774 3191 nones,
791 3138 896 3198 jugi
920 3138 1141 3197 variaque
1164 3136 1368 3184 lectione
1392 3137 1483 3183 rite
1507 3136 1815 3197 comprobare
1839 3136 2043 3184 valeant.
2090 3135 2139 3182 A
2157 3141 2405 3197 poetarum
2423 3133 2588 3182 studiis

614 3252 709 3284 non
733 3235 972 3283 abducant
986 3235 1297 3296 juventutem
1319 3241 1665 3297 praeceptores,
1690 3236 1738 3281 in
1758 3235 1931 3296 quibus
1953 3234 2253 3283 reconditum
2271 3232 2342 3282 est
2365 3236 2589 3295 quicquid
