2938 3762
562 450 624 492 84
1196 440 1525 489 HISTORIA
1563 439 1905 487 ABBATUM

748 674 989 721 Donamus
1025 658 1338 718 Gumumws
1366 670 1662 724 GALBRETH,
1699 670 1871 716 Annas
1907 684 1936 715 A
1973 668 2188 716 KYNLos
2222 668 2342 716 XX.

952 769 1088 816 Obiit
1118 774 1190 815 10.
1215 769 1316 816 Cal.
1342 768 1575 823 Octobris,
1595 769 1742 816 Anno
1767 768 1964 815 Domini
1994 772 2131 818 1491.

625 969 852 1031 Sepultus
871 967 940 1015 est
957 969 1083 1030 apud
1107 968 1307 1030 Kynlos,
1333 969 1382 1014 in
1405 965 1576 1015 fizcello
1595 967 1644 1013 S.
1672 967 1817 1014 Petri.
1879 967 2056 1014 Fuerat
2079 968 2156 1014 hic
2180 967 2428 1014 succentor
2452 985 2528 1014 ec-

561 1065 726 1115 clefiae
763 1064 1086 1122 Moravienfis,
1122 1073 1394 1128 antequam,
1429 1066 1598 1113 Jacobi
1633 1065 1854 1126 Guthery
1888 1063 2248 1128 praedecessoris
2283 1082 2436 1127 opera,
2479 1069 2527 1113 in

559 1167 782 1213 abbatem
806 1166 1108 1228 deligeretur,
1133 1167 1250 1212 etin
1266 1167 1376 1226 jure
1402 1165 1655 1212 Pontificio
1673 1166 1902 1212 eruditus.
1973 1164 2022 1211 Is
2045 1167 2251 1226 primum
2276 1164 2530 1212 transmifit

562 1265 764 1312 Romam
788 1281 872 1327 pro
889 1266 1030 1326 hujus
1048 1265 1140 1311 loci
1159 1281 1187 1311 a
1205 1264 1393 1326 Kynlos
1412 1264 1763 1326 diplomatibus,
1788 1280 1898 1311 cum
1918 1271 2060 1311 antea
2077 1265 2276 1311 abbates
2299 1265 2531 1327 eligeren-

560 1372 640 1410 tur
668 1366 894 1411 canonice
927 1380 1012 1425 per
1046 1364 1385 1410 monachorum
1419 1362 1636 1426 suffragia
1662 1370 1713 1410 et
1747 1365 1895 1424 patris
1929 1364 2115 1410 abbatis
2138 1380 2166 1410 a
2191 1363 2374 1410 Melros
2408 1366 2530 1412 elec-

560 1464 754 1508 tionem.
825 1462 890 1508 Et
913 1468 1079 1508 tamen
1102 1462 1356 1522 perhibent
1400 1460 1535 1508 fuifl'e
1558 1463 1759 1523 probum
1777 1463 2021 1508 hominem
2046 1460 2205 1509 statim
2229 1462 2314 1509 sub
2338 1466 2527 1510 initium

561 1561 669 1608 suae
692 1562 1016 1622 promotionis,
1041 1566 1096 1606 ut
1121 1562 1203 1621 qui
1219 1576 1398 1607 annum
1422 1562 1683 1608 novitiatus
1701 1560 1955 1609 absolverit
1977 1562 2103 1622 apud
2122 1563 2378 1609 monachos
2402 1566 2531 1623 prius

559 1676 701 1720 quam
747 1661 892 1707 abbas
929 1670 1189 1706 vocaretur.
1276 1659 1386 1706 Hoc
1420 1675 1570 1706 unum
1605 1661 1842 1706 duntaxat
1881 1662 2080 1706 minime
2120 1659 2190 1706 est
2233 1663 2530 1722 probandum

560 1760 684 1819 quod
728 1758 995 1819 symoniace
1041 1764 1229 1804 tantam
1271 1759 1389 1804 emit
1437 1759 1736 1820 dignitatem,
1779 1759 2019 1805 vendente
2059 1757 2409 1819 praedecessore
2449 1759 2531 1806 suo

560 1857 591 1903 J
594 1858 741 1904 acobo
764 1858 999 1918 Guthery.

625 1957 747 2003 Cum
766 1956 914 2003 semel
946 1957 1184 2017 profectus
1207 1953 1321 2003 esset
1356 1956 1591 2003 Galbreth
1615 1957 1674 2003 ad
1698 1953 1943 2003 ecclesiam
1978 1955 2186 2003 Awacht
2221 1959 2269 2003 in
2306 1955 2527 2012 Roffiam‚

561 2063 611 2101 et
634 2061 956 2101 reverteret-ur
978 2057 1140 2116 paucis
1158 2055 1603 2109 concomitantibus,
1627 2071 1656 2102 a
1678 2054 1866 2102 Barone
1892 2055 1952 2101 de
1975 2054 2294 2117 Kyllrauuyk,
2319 2056 2528 2120 Hugone

560 2160 876 2215 cognomento
896 2152 1027 2207 Ross,
1046 2154 1148 2213 ejus
1165 2155 1246 2214 qui
1265 2169 1394 2200 nunc
1414 2155 1532 2199 vivit
1549 2169 1651 2207 avo,
1669 2155 1967 2214 interceptus
1984 2151 2066 2200 est.
2125 2153 2183 2200 Id
2198 2170 2308 2201 cum
2326 2153 2527 2202 rescifl'et

561 2254 779 2298 dominus
801 2251 1012 2299 Jacobus
1036 2253 1097 2298 de
1120 2251 1338 2298 Dumbar
1359 2266 1505 2312 eques
1529 2258 1735 2305 auratus,
1772 2253 2036 2298 vicecomes
2060 2252 2322 2308 Moraviae,
2355 2260 2406 2300 et
2428 2255 2527 2302 bal-

560 2351 681 2396 livus
704 2366 733 2397 a
756 2350 955 2412 Kynlos,
991 2350 1200 2397 colle&is
1233 2350 1415 2410 aliquot
1449 2351 1644 2396 armatis
1678 2351 1789 2396 viris
1823 2351 2070 2404 militibus,
2094 2353 2154 2398 ad
2178 2351 2412 2399 Galbreth
2447 2356 2528 2400 ab-

559 2449 719 2495 batem
755 2450 1050 2496 liberandum
1086 2446 1155 2495 est
1188 2449 1439 2509 profectus.
1509 2448 1695 2495 Verum
1720 2447 1867 2510 Hugo
1891 2451 2068 2509 equitis
2100 2424 2308 2497 furorem
2341 2451 2530 2513 persen-

560 2549 698 2601 tiens,
723 2546 990 2608 priusquam
1015 2549 1157 2594 armis
1181 2554 1483 2594 concurreret
1506 2548 1729 2594 abbatem
1757 2545 1942 2594 miffum
1966 2549 2095 2603 fecit,
2130 2556 2181 2595 et
2204 2551 2272 2597 ita
2294 2567 2351 2597 ea
2377 2553 2529 2614 indig-

561 2648 691 2692 natio
714 2643 907 2693 abceffit
931 2644 1030 2692 fine
1052 2645 1291 2707 languine.

627 2744 740 2790 Fuit
762 2744 997 2791 Galbreth
1020 2745 1165 2790 abbas
1189 2746 1259 2789 vir
1291 2744 1434 2805 paulo
1467 2743 1682 2799 severior,
1718 2751 1773 2790 ut
1808 2746 1888 2804 qui
1911 2746 1962 2791 in
1985 2746 2193 2792 furorem
2217 2754 2266 2793 et
2290 2750 2527 2808 quandam

562 2841 765 2889 insaniae
787 2841 990 2904 speciem
1014 2858 1098 2903 per
1120 2849 1272 2889 atram
1295 2842 1442 2888 bilem
1465 2843 1761 2902 frequentius
1783 2843 2075 2890 incitaretur.

628 2941 730 2986 Sub
743 2941 831 2987 hoc
849 2941 1021 2987 abbate
1035 2939 1277 3001 susceptus
1294 2937 1364 2986 est
1382 2941 1431 2986 in
1449 2941 1801 2995 monachatum,
1820 2942 2041 2988 dominus
2056 2942 2088 2989 J
2091 2959 2269 2990 oannes
2287 2944 2524 3001 Richardi‚

566 3039 643 3098 qui
668 3039 786 3084 obiit
820 3040 943 3085 1526
967 3039 1047 3085 die
1069 3043 1130 3085 25
1159 3038 1390 3092 Januarii,
1425 3038 1646 3084 dominus
1679 3038 1886 3086 Thomas
1920 3038 2136 3102 Crystall,
2171 3039 2334 3102 postea
2366 3045 2523 3100 abbas,

566 3137 783 3182 dominus
836 3136 991 3183 David
1037 3136 1205 3198 Spens,
1251 3152 1380 3182 nunc
1424 3137 1474 3182 in
1527 3135 1716 3197 Kynlos
1764 3139 1904 3198 prior,
1953 3146 2003 3185 et
2048 3140 2268 3186 dominus
2313 3139 2524 3191 Joannes

566 3233 845 3294 Compland,
871 3236 951 3294 qui
974 3235 1094 3281 obiit
1121 3238 1244 3281 1518
1268 3234 1440 3281 ultima
1464 3233 1720 3281 Februarii.
