2938 3762
620 447 679 489 82
1245 441 1577 491 HISTORIA
1613 441 1956 492 ABBATUM

969 698 1248 745 Arrnnmx
1275 711 1342 745 nn
1366 712 1539 746 mon-rn-
1563 712 1752 746 nomm
1775 698 1995 747 Tnouu:
2020 699 2259 748 Annuus.

688 872 760 919 Ut
781 886 858 918 res
879 869 991 918 sunt
1012 871 1289 919 mortalium
1313 872 1518 934 fragiles,
1543 874 1794 935 cupiebam
1818 874 2135 921 tumultuario
2157 874 2250 921 hoc
2272 889 2434 921 rerum
2457 873 2607 938 gesta-

620 987 725 1018 rum
759 972 1043 1034 compendio
1077 971 1271 1018 domino
1304 986 1414 1019 meo
1448 971 1619 1019 seniori
1660 973 1854 1020 domino
1880 973 2093 1021 Thomae
2116 971 2350 1036 Crystallo
2384 975 2546 1022 abbati
2581 992 2610 1023 a

624 1071 823 1132 Kynlos,
842 1070 1069 1118 Calendis
1085 1069 1118 1117 J
1119 1071 1340 1126 anuariis,
1360 1071 1512 1118 veluti
1530 1069 1717 1119 strenae
1734 1070 2020 1119 munusculo
2035 1072 2320 1135 gratificari:
2356 1087 2469 1120 ecce
2487 1089 2609 1134 quae

622 1185 868 1231 nunquam
898 1185 997 1217 non
1030 1168 1176 1224 adest,
1211 1168 1425 1216 nostrum
1450 1177 1679 1218 conatum
1701 1172 1964 1218 antevertit
1990 1186 2132 1218 mors.
2201 1170 2365 1218 Homo
2389 1179 2492 1219 erat
2507 1174 2609 1233 jam

624 1271 864 1332 vergentis
908 1270 1095 1323 aetatis,
1142 1275 1193 1316 et
1238 1268 1464 1331 superiori
1499 1267 1679 1317 aestate
1721 1271 1772 1316 in
1805 1285 1978 1331 aquam
2012 1272 2303 1318 intercutem
2337 1272 2609 1326 deciderat;

626 1368 704 1415 sed
739 1384 884 1431 opera
915 1369 1212 1415 medicorum
1234 1365 1320 1415 fibi
1345 1375 1591 1430 utcunque
1624 1370 1854 1424 redditus,
1889 1374 2103 1416 tumores
2134 1375 2327 1417 tantum
2360 1372 2537 1432 pedum
2562 1378 2612 1418 et

626 1469 834 1516 crurium
865 1469 1153 1530 patiebatur.
1222 1468 1300 1515 Ac
1323 1467 1428 1530 spes
1451 1474 1554 1516 erat
1577 1483 1689 1516 eum
1723 1469 1904 1516 diutius
1927 1469 2177 1524 viaurum,
2213 1475 2265 1516 et
2296 1471 2444 1517 vitam
2478 1486 2612 1531 para-

627 1565 710 1628 lyfi
741 1568 1006 1615 finiturum.
1089 1567 1277 1615 Verum
1311 1568 1452 1614 aliter
1483 1567 1640 1614 multo
1674 1570 1851 1615 evenit.
1934 1567 2098 1623 Quum
2132 1568 2376 1615 hominem
2410 1571 2612 1631 puderet

626 1667 754 1713 illius
793 1667 1008 1720 tumoris,
1050 1672 1362 1727 procuratum
1397 1663 1467 1712 est
1499 1665 1567 1714 'ab
1605 1667 1773 1714 amicis
1813 1673 1870 1713 ut
1904 1667 2120 1714 medicae
2158 1668 2275 1714 artis
2307 1667 2614 1729 peritioribus

628 1766 739 1811 viris
778 1763 877 1812 sese
912 1766 1255 1812 committeret.
1324 1765 1534 1812 Suorum
1573 1766 1722 1827 igitur
1755 1766 1951 1812 hortatu
1985 1767 2140 1812 virum
2174 1766 2500 1827 percelebrem
2538 1767 2611 1813 M.

629 1863 840 1911 He&ora
862 1863 1125 1910 Boethium
1150 1863 1209 1910 ad
1234 1862 1279 1910 se
1303 1865 1518 1911 vocavit:
1553 1865 1635 1924 qui
1659 1878 1771 1911 cum
1794 1861 2098 1926 perspexisset
2120 1861 2315 1927 fingula,
2340 1880 2429 1913 nec
2464 1866 2613 1913 ullam

626 1956 946 2010 restituendae
968 1961 1185 2010 sanitatis
1208 1961 1339 2024 spem
1375 1961 1664 2024 agnosceret,
1693 1969 1750 2009 ut
1783 1969 1978 2026 aegroto
2001 1969 2166 2010 tamen
2199 1979 2256 2011 ac
2286 1964 2416 2011 illius
2449 1966 2614 2012 amicis

627 2062 786 2123 aliqua
809 2078 869 2108 ex
893 2068 1030 2123 parte
1052 2077 1237 2108 morem
1258 2068 1459 2124 gereret,
1483 2062 1689 2123 paucula
1710 2063 1944 2123 quaedem
1968 2063 2134 2109 morbo
2157 2060 2393 2124 aptiffima
2415 2065 2613 2111 tradidit

630 2160 932 2208 observanda.
1002 2158 1207 2215 Frustra,
1231 2162 1458 2207 nimirum
1475 2158 1672 2216 frustra3
1692 2158 1879 2223 {quippe
1901 2158 1965 2208 fic
1987 2162 2202 2208 irritatus
2225 2162 2432 2218 morbus,
2456 2169 2615 2209 tumo-

630 2276 731 2306 rem
759 2260 896 2306 illum
921 2261 1130 2307 crurium
1164 2260 1226 2306 ad
1246 2257 1508 2320 superiores
1541 2266 1701 2321 partes
1724 2266 1776 2307 et
1798 2266 2016 2307 ventrem
2050 2262 2303 2322 promovit.
2373 2261 2432 2308 Id
2466 2277 2615 2322 quum

631 2357 837 2406 resciss'et
870 2359 1098 2413 medicus,
1123 2358 1398 2406 foeculenta
1421 2359 1742 2420 duritiemque
1765 2359 1888 2406 alvei
1921 2357 2200 2421 clysteribus
2223 2365 2274 2406 et
2297 2358 2616 2422 suppositoriis

632 2459 834 2505 educere
857 2459 1083 2504 tentavit.
1153 2456 1263 2505 Nec
1285 2458 1456 2504 itidem
1479 2459 1570 2505 hoc
1591 2459 1730 2519 pasto
1757 2455 1986 2505 succeffit.
2054 2456 2187 2506 Nam
2218 2473 2276 2505 ea
2307 2460 2460 2513 no&e,
2495 2473 2617 2519 quae

632 2556 846 2618 sequitur
878 2563 1118 2617 quartum,
1143 2556 1467 2605 Calendarum
1489 2557 1522 2604 J
1524 2558 1720 2611 anuarii,
1743 2557 1861 2604 hora
1882 2558 2033 2604 ferme
2057 2558 2312 2604 undecima
2333 2559 2383 2604 in
2405 2556 2487 2604 sua
2509 2573 2616 2604 arce

635 2655 902 2718 Strathilly,
926 2657 1076 2733 vitam
1098 2662 1254 2703 morte
1276 2658 1350 2702 vir
1371 2657 1581 2718 optimus
1605 2657 1827 2703 dominus
1849 2655 2056 2703 Thomas
2078 2658 2407 2703 commutavit.

703 2755 815 2810 Sed,
838 2761 896 2802 ut
917 2755 1090 2802 reffius
1123 2754 1366 2816 intelligat
1390 2755 1595 2801 hominis
1627 2755 1860 2816 pietatem
1895 2753 2104 2815 quisquis
2127 2751 2216 2802 ista
2237 2754 2380 2816 leget,
2414 2755 2618 2816 paucula

636 2855 713 2900 hic
737 2854 1141 2915 quemadmodum
1164 2851 1275 2899 sunt
1297 2850 1431 2915 gesta
1453 2852 1605 2899 literis
1628 2851 2022 2914 consignabimus.

706 2952 765 2998 In
782 2954 960 3014 primis,
978 2951 1161 2999 solicite
1178 2953 1279 3014 egit
1303 2957 1360 2998 ut
1382 2951 1560 3013 populo
1578 2949 1664 2998 fibi
1687 2948 1930 2998 commiss'o
1952 2952 2003 2997 in
2026 2966 2123 2998 una
2145 2957 2291 3011 atque
2314 2951 2465 2997 altera
2487 2952 2620 2998 baro-

640 3053 718 3098 nia
737 3050 1007 3112 priusquam
1025 3066 1052 3098 e
1070 3052 1190 3097 vivis
1209 3051 1416 3106 cederet,
1436 3051 1560 3097 foret
1576 3048 1862 3097 consultum.
1916 3049 2083 3097 Multa
2106 3050 2167 3097 de
2183 3048 2268 3096 suo
2290 3065 2449 3097 annuo
2463 3049 2618 3103 censu,

642 3165 726 3210 per
748 3147 968 3211 singulos,
992 3150 1043 3195 in
1065 3154 1352 3211 perpetuum
1376 3145 1565 3202 dimifit,
1590 3154 1640 3195 et
1663 3147 1768 3195 aliis
1790 3146 2026 3209 plerisque
2049 3147 2248 3210 largitus
2273 3145 2344 3194 est
2366 3148 2507 3194 varia.

707 3247 896 3294 Deinde
920 3247 1058 3295 Pauli
1081 3248 1215 3294 tertii
1240 3246 1491 3294 Pontificis
1525 3244 1696 3293 summi
1731 3245 1943 3307 diploma
1976 3246 2091 3306 (quo
2126 3246 2385 3293 cavebatur
2417 3252 2474 3292 ut
2509 3261 2621 3292 exo-
