2938 3762
555 459 619 502 50
1183 451 1517 500 HISTORIA
1554 451 1899 499 ABBATUM

557 585 816 633 Ciceronis.
884 584 1027 639 Item,
1063 583 1358 630 Rhetoricen
1392 584 1626 630 minorem
1661 582 2029 638 Melanabonis,
2063 598 2174 630 cum
2205 567 2537 631 schematibus.

558 685 700 740 Item,
725 684 1018 731 Rhetoricen
1043 682 1400 729 Melanahonis
1423 683 1668 744 majorem.
1737 682 1879 737 Item,
1905 682 2167 743 Sphaeram
2190 699 2219 729 a
2241 681 2542 730 Sacrobosco.

558 784 699 839 Item,
723 783 952 830 Bucolica
978 781 1187 844 Virgilii.
1239 781 1383 837 Item,
1402 781 1653 844 Georgica.
1708 781 1850 836 Item,
1873 781 2072 828 Librum
2095 783 2301 843 primum
2326 783 2386 828 de
2408 784 2546 843 copia

565 882 760 930 Erasmi.
829 881 972 937 Item,
1000 880 1373 928 Arithmeticam
1408 878 1631 927 nostram.
1701 880 1843 935 Item,
1879 880 2138 943 Dialogum
2161 883 2367 942 primum
2391 879 2545 943 physi-

558 997 719 1029 corum
743 981 900 1028 Fabri.
968 980 1111 1035 Item,
1137 978 1422 1027 Universam
1455 979 1660 1042 logicam
1683 977 1972 1034 Aristotelis,
1998 995 2113 1026 cum
2149 981 2545 1041 praedicabilibus

564 1080 830 1143 Porphyrii.
899 1079 1039 1135 Item,
1066 1079 1237 1126 Libros
1261 1080 1472 1140 quinque
1506 1076 1806 1140 phyficorum
1841 1076 2127 1125 Aristotelis.
2198 1078 2338 1134 Item,
2377 1079 2546 1126 Libros

565 1181 659 1226 duo
692 1180 998 1241 politicorum
1021 1176 1310 1225 Aristotelis.
1380 1178 1522 1232 Item,
1560 1177 1706 1224 Primi
1743 1177 1851 1224 libri
1874 1176 2219 1224 sententiarum
2255 1179 2421 1225 decem
2457 1177 2547 1225 dis-

563 1281 830 1327 tinfflones.
899 1279 1043 1333 Item,
1079 1275 1341 1339 Epistolam
1366 1276 1505 1324 Pauli
1540 1278 1599 1324 ad
1635 1276 1891 1324 Romanos.
1944 1276 2086 1331 Item,
2112 1277 2336 1338 Quinque
2371 1279 2547 1339 primos

565 1378 709 1426 libros
731 1375 991 1440 Augustini
1014 1377 1075 1423 de
1098 1368 1295 1423 civitate
1319 1375 1427 1422 Dei.

630 1477 778 1523 Anno
827 1480 949 1524 1541
1000 1492 1096 1523 una
1140 1490 1250 1522 cum
1297 1473 1515 1537 episcopo
1561 1473 1890 1523 Aberdonenfi
1936 1475 2097 1523 missus
2142 1474 2212 1524 est.
2257 1478 2442 1540 legatus
2488 1481 2546 1525 ad

567 1577 775 1639 Angliae
798 1591 959 1638 regem
983 1577 1043 1622 de
1074 1572 1390 1622 controverfia
1421 1576 1626 1635 quadam
1658 1575 1868 1621 limitum
1905 1574 2151 1636 utriusque
2190 1579 2337 1639 regni,
2374 1580 2421 1624 in
2454 1593 2549 1638 quo

567 1675 685 1722 nihil
722 1673 793 1721 est
826 1675 1110 1729 confectum,
1145 1673 1225 1720 sed
1264 1674 1548 1735 ampliatum
1589 1675 1640 1720 in
1676 1674 1806 1721 aliud
1843 1680 2035 1736 tempus
2072 1678 2335 1738 negotium.
2404 1676 2551 1723 Anno

573 1779 710 1830 1549,
756 1790 854 1822 una
891 1789 1002 1821 cum
1048 1775 1242 1821 domino
1282 1775 1343 1821 ab
1384 1773 1598 1835 Erikyne
1639 1775 1782 1822 datus
1822 1773 1892 1822 est
1933 1776 2111 1822 arbiter
2150 1792 2177 1823 a
2216 1776 2399 1824 Jacobo
2439 1794 2552 1840 rege

570 1876 824 1923 Scotorum
866 1875 917 1920 in
955 1889 1056 1921 rem
1090 1871 1390 1935 praesentem
1432 1874 1492 1920 de
1533 1873 1767 1920 limitibus
1807 1873 2001 1921 Scotiae
2041 1890 2152 1922 cum
2192 1875 2369 1938 Anglo.
2450 1876 2553 1924 Ad-

571 1976 759 2021 fuerant
785 1955 1018 2034 'utrinque
1051 1973 1222 2028 multi;
1262 1971 1344 2019 sed
1378 1970 1484 2034 post
1518 1972 1709 2034 longam
1734 1971 2140 2035 disceptationem,
2176 1990 2286 2021 cum
2322 1991 2418 2022 non
2440 1975 2553 2023 satis

573 2075 851 2121 conveniret
885 2075 1014 2120 inter
1046 2078 1219 2133 partes,
1256 2072 1539 2134 ampliatum
1562 2071 1633 2118 est
1654 2074 1902 2134 negotium
1926 2073 1985 2119 ad
2009 2073 2226 2120 futurum
2261 2082 2552 2123 conventum

574 2173 843 2235 Anglorum
868 2172 1084 2226 Eboraci,
1108 2172 1157 2218 id
1180 2169 1250 2218 est
1274 2171 1416 2233 vulgo
1442 2170 1592 2225 York,
1621 2177 1671 2217 et
1695 2169 1942 2218 discessum
1977 2170 2048 2217 est
2083 2173 2145 2219 ab
2168 2179 2371 2234 utraque
2404 2182 2553 2236 parte.

577 2273 816 2333 Deinceps
839 2287 937 2318 una
959 2287 1069 2318 cum
1098 2272 1292 2317 domino
1317 2269 1530 2331 Erikyne
1554 2271 1676 2316 itum
1701 2268 1772 2316 est
1794 2272 1853 2317 ad
1877 2271 1996 2316 illud
2020 2271 2266 2332 publicum
2301 2274 2555 2320 concilium

577 2370 862 2433 Anglorum,
886 2376 1031 2430 atque
1055 2371 1172 2416 item
1195 2369 1424 2430 producta
1447 2365 1518 2414 est
1540 2369 1656 2414 dum
1681 2369 1806 2416 clam
1829 2376 2025 2431 paratur
2046 2372 2108 2417 ab
2131 2370 2294 2433 Anglo
2318 2375 2557 2420 exercitus
2608 2378 2615 2386 ’

578 2478 626 2521 in
662 2470 903 2525 Scotiam3
939 2485 1028 2516 nec
1062 2466 1379 2530 permiserunt
1418 2469 1500 2529 qui
1541 2475 1677 2515 erant
1711 2470 1761 2515 in
1796 2466 2003 2516 conseffu
2037 2470 2120 2516 illo
2155 2471 2342 2533 anglico
2377 2473 2558 2535 legatos

580 2571 751 2617 Scotos
785 2569 861 2615 vel
903 2567 1106 2616 scribere
1144 2568 1196 2614 in
1235 2569 1452 2629 patriam,
1489 2568 1565 2615 vel
1604 2569 1664 2615 ad
1701 2566 1807 2615 suos
1846 2570 2014 2624 redire,
2049 2586 2111 2616 ne
2151 2571 2275 2618 forte
2308 2570 2390 2618 suo
2435 2572 2558 2634 Regi

582 2675 827 2716 narrarent
851 2683 972 2728 quae
995 2683 1080 2729 per
1112 2668 1329 2715 fraudem
1353 2667 1451 2714 illic
1474 2668 1776 2730 gerebantur,
1813 2655 1966 2715 donec
1996 2669 2206 2717 collectis
2239 2672 2387 2732 copiis
2420 2669 2557 2717 fimul

581 2784 689 2815 cum
714 2770 929 2815 exercitu
952 2768 1072 2814 fines
1097 2767 1289 2814 Scotiae
1312 2768 1371 2814 ad
1396 2768 1607 2828 quinque
1631 2768 1732 2814 dies
1755 2763 1840 2828 ipfi
1863 2766 2013 2831 Angli
2038 2767 2400 2830 occupaviss'ent.

648 2869 751 2915 Sub
773 2882 953 2915 annum
974 2871 1099 2914 1538
1118 2867 1339 2913 dominus
1356 2866 1501 2913 abbas
1523 2867 1694 2912 accivit
1713 2862 1797 2912 fibi
1821 2868 2047 2927 pictorem
2066 2868 2312 2916 Andream
2331 2869 2559 2916 Bairhum

585 2970 634 3014 in
657 2973 760 3014 arte
782 2966 864 3014 sua
885 2968 1144 3029 egregium,
1168 2964 1249 3012 sed
1278 2965 1522 3011 hominem
1558 2965 1751 3025 quidem
1786 2967 1994 3013 tra&atu
2027 2967 2267 3014 difficilem
2291 2975 2342 3015 et
2365 2975 2561 3014 conten-

586 3066 771 3121 tiosum,
810 3082 908 3113 non
946 3067 1105 3112 minus
1145 3079 1288 3126 quam
1328 3065 1474 3111 animi
1514 3066 1800 3125 impotentia
1835 3065 2131 3113 laborantem
2172 3081 2315 3127 quam
2354 3069 2560 3128 corporis

588 3165 928 3220 imbecillitate,
974 3171 1031 3211 ut
1076 3166 1157 3225 qui
1200 3170 1405 3224 utroque
1450 3163 1572 3225 pede
1618 3163 1921 3211 claudicaret.
1997 3164 2121 3212 Eum
2159 3172 2335 3220 tamen,
2382 3173 2559 3226 quanta

589 3266 887 3312 humanitate
917 3264 1018 3311 fieri
1050 3264 1223 3325 potuit,
1247 3268 1353 3309 toto
1376 3262 1584 3309 triennio
1607 3263 1808 3310 retinuit
1841 3264 1967 3324 apud
2001 3263 2049 3313 K
2053 3264 2203 3325 ynlos‚
2238 3279 2332 3326 quo
2367 3265 2558 3325 quidem
