2938 3762
973 458 1406 509 MONASTERII
1440 463 1488 510 A
1523 464 1818 515 KYNLOS.
2307 479 2359 519 11

499 734 891 782 LITERATISSIMO
916 749 1218 784 VETUSTATIS
1241 753 1506 787 ASSERTORI
1531 756 1727 790 DOMINO
1752 745 1989 793 ROBERTo
2013 746 2281 795 STEPHANO

787 852 799 862 “
878 833 1160 882 SUPERIORI
1184 851 1215 883 A
1239 836 1374 883 Dmn
1398 853 1489 885 suo
1514 853 1824 898 CHARISsmo,
1850 842 1897 889 S.

477 1028 700 1075 COLLEGI
722 1028 1034 1090 superioribus
1059 1032 1236 1086 diebus,
1263 1012 1354 1080 Vir
1375 1032 1649 1092 suaviffime,
1667 1040 2003 1100 praegrandem
2021 1040 2195 1102 sylvam
2212 1046 2360 1089 moni-

409 1135 682 1176 mentorum
705 1136 923 1178 veterum
946 1148 975 1178 a
1007 1131 1208 1193 Kynlos,
1244 1134 1393 1179 veluti
1425 1137 1673 1181 materiam
1705 1136 1864 1182 futuro
1900 1139 2027 1198 operi
2060 1145 2109 1185 et
2143 1138 2358 1187 historiae

407 1229 644 1274 texendae
667 1229 879 1289 adprimo
902 1226 1217 1276 necessariam.
1270 1231 1455 1278 Verum
1477 1233 1528 1277 in
1548 1233 1634 1287 his,
1652 1233 1874 1294 pleraque
1890 1236 2076 1281 invenio
2099 1235 2358 1283 obscuriora

409 1327 610 1371 nimium
633 1331 684 1371 et
717 1326 889 1372 mutila
921 1328 1084 1388 magiS,
1120 1343 1261 1388 quam
1295 1334 1350 1374 ut
1374 1331 1563 1376 veritati
1594 1328 1812 1378 historiae
1846 1333 2051 1392 copulari
2084 1335 2223 1395 digne
2250 1335 2357 1381 satis

409 1429 616 1483 queant:
651 1420 737 1469 nifi
761 1425 952 1470 aliunde
986 1424 1220 1472 refulserit
1252 1427 1335 1472 lux
1373 1428 1616 1488 aliquanto
1650 1429 1811 1490 major.
1879 1429 1944 1476 Et
1976 1428 2085 1476 sunt
2117 1433 2166 1477 in
2201 1432 2359 1478 Scotia

408 1523 489 1582 qui
512 1523 585 1568 his
608 1523 818 1569 tenebris
840 1523 1048 1569 multum
1071 1524 1263 1570 luminis
1286 1526 1468 1572 adferre
1501 1523 1683 1586 poffint,
1720 1524 1756 1572 fi
1789 1534 2037 1589 rogentur;
2072 1531 2194 1590 apud
2230 1546 2356 1590 quos,

408 1621 596 1667 infinita
618 1618 867 1668 vetustatis
889 1619 1062 1682 scripta
1083 1621 1315 1669 adservari
1338 1639 1434 1669 non
1456 1625 1736 1684 ignoramus.
1784 1624 1892 1680 Sed,
1911 1626 2092 1672 nullum
2111 1627 2249 1687 plane
2265 1627 2356 1674 scio

407 1720 665 1774 hominem,
690 1720 771 1779 qui
794 1725 896 1766 tam
918 1720 1054 1766 nobis
1075 1717 1213 1781 poffit
1237 1726 1287 1767 et
1310 1721 1426 1767 velit
1450 1723 1746 1768 commodare
1769 1724 1818 1768 in
1841 1724 1930 1769 hoc
1953 1739 2105 1784 opere,
2140 1740 2279 1784 quam
2302 1731 2356 1770 tu

409 1833 546 1872 unus,
572 1823 622 1864 et
645 1814 894 1864 vetustatis
917 1816 1139 1872 adsertor,
1164 1823 1214 1864 et
1235 1816 1544 1865 studiosorum
1567 1821 1778 1865 omnium
1800 1822 1977 1867 amicus
2011 1822 2217 1881 adprime
2250 1839 2357 1869 can-

409 1918 547 1963 didus
570 1914 708 1962 fimul
732 1922 782 1963 et
805 1917 1032 1963 eruditus.
1102 1916 1308 1962 Proinde
1329 1932 1443 1978 rogo
1465 1922 1522 1962 ut
1555 1933 1616 1963 ex
1649 1923 1840 1963 tuorum
1863 1917 2108 1965 Abbatum
2131 1919 2355 1981 catalogo,

409 2030 635 2076 excerpas
657 2012 693 2060 fi
716 2030 833 2075 quos
855 2015 1000 2061 habes
1025 2014 1188 2072 (habes
1212 2015 1339 2060 enim
1361 2015 1550 2069 multos,
1574 2013 1685 2075 scio)
1710 2016 1902 2061 abbates
1925 2032 1953 2062 a
1974 2015 2170 2077 Kynlos,
2188 2023 2237 2062 et
2254 2017 2358 2063 illos

409 2115 468 2160 ad
492 2130 570 2159 me
593 2115 771 2160 mittas.
841 2113 948 2159 Nec
972 2127 1089 2174 opus
1113 2110 1181 2158 est
1203 2113 1338 2159 nobis
1360 2118 1444 2158 tuo
1463 2113 1522 2158 ad
1543 2113 1664 2159 hanc
1687 2128 1788 2159 rem
1810 2128 1936 2159 nunc
1958 2113 2138 2159 summo
2171 2114 2357 2169 labore;

408 2218 600 2258 tantum
622 2211 921 2258 transcribito
943 2212 994 2257 in
1017 2209 1228 2256 nostrum
1251 2210 1466 2257 libellum
1483 2226 1567 2271 per
1582 2209 1686 2256 suos
1710 2211 1836 2257 locos
1858 2212 2008 2257 tribus
2025 2212 2177 2257 verbis
2199 2211 2359 2258 Abba-

409 2317 515 2356 tum
538 2311 744 2364 nomina,
769 2310 996 2363 ordinem,
1022 2314 1072 2355 et
1095 2325 1272 2355 annum
1296 2310 1487 2355 domini.
1540 2308 1832 2370 Significabis
1851 2311 1993 2355 etiam
2008 2325 2068 2355 an
2082 2311 2167 2354 viri
2183 2309 2356 2354 fuerint

407 2408 627 2469 frugales,
653 2423 714 2453 an
737 2423 904 2467 parum
927 2408 1051 2468 frugi
1084 2408 1326 2453 homines:
1364 2413 1413 2453 et
1452 2422 1544 2466 quo
1580 2408 1715 2467 Ρειᾶο
1751 2407 1899 2452 011θὸ1ιί
1932 2405 2040 2451 sunt
2078 2407 2137 2452 ad
2175 2411 2357 2452 tantam

411 2507 708 2567 dignitatem,
728 2521 789 2551 an
807 2506 1032 2551 canonice
1051 2505 1126 2551 vel
1143 2520 1228 2565 per
1241 2505 1548 2551 ambitionem
1562 2505 1733 2565 potius.
1802 2504 2052 2550 Praeterea
2068 2505 2255 2564 adjicies
2268 2504 2355 2557 his,

408 2605 612 2665 paucula
635 2604 865 2664 quaedam
891 2604 949 2649 de
972 2604 1124 2663 primo
1148 2600 1300 2648 vestro
1324 2602 1496 2648 abbate
1519 2607 1568 2647 et
1591 2602 1832 2647 monachis
1855 2601 1947 2646 illis
1969 2603 2049 2660 qui
2076 2616 2183 2646 cum
2217 2616 2272 2646 eo
2297 2617 2356 2646 ex

409 2702 598 2762 Kynlos
621 2703 826 2762 primum
849 2702 942 2747 huc
966 2701 1347 2762 commigrarunt.
1393 2699 1469 2745 Ac
1487 2699 1672 2759 quoties
1686 2697 1901 2744 Abbates
1919 2714 1978 2744 ex
1996 2697 2178 2758 Kynlos
2196 2714 2356 2758 accep-

410 2802 554 2846 eritis.
609 2799 703 2854 Qui
728 2800 873 2845 etiam
897 2814 958 2845 ex
981 2795 1156 2852 vestris,
1182 2798 1242 2844 ad
1264 2796 1450 2857 Kynlos
1473 2797 1701 2850 venerint,
1725 2801 1949 2855 tanquam
1965 2793 2167 2856 pastores
2189 2796 2356 2841 rector-

411 2898 563 2958 esque.
617 2898 682 2943 Et
705 2895 741 2943 fi
765 2898 878 2957 quid
901 2902 1147 2957 praeterea
1167 2896 1312 2942 habes
1335 2897 1562 2942 memoria
1585 2896 1792 2956 dignum,
1810 2895 1943 2940 nobis
1960 2895 2354 2940 communicatum

408 2998 554 3043 voles.
624 2996 764 3050 Quod
801 2993 836 3040 fi
878 2996 1057 3048 feceris,
1095 2994 1267 3040 curabo
1302 2993 1539 3054 intelligas
1577 2998 1628 3038 te
1660 3007 1953 3052 nequaquam
1986 2988 2133 3037 lufifl'e
2167 3006 2355 3052 operam

411 3094 656 3141 adversum
680 3110 789 3140 eum
813 3094 894 3153 qui
916 3099 967 3138 te
1001 3093 1140 3138 unice
1180 3091 1358 3152 diligat,
1394 3106 1503 3137 cum
1541 3096 1644 3136 toto
1682 3095 1765 3135 tuo
1804 3089 2054 3135 Conventu
2093 3095 2142 3135 et
2165 3087 2355 3137 Abbate

407 3195 601 3254 optimo.
671 3192 810 3239 Vale.
835 3190 981 3251 Apud
1004 3189 1205 3250 Kynlos,
1228 3189 1345 3249 prid.
1369 3203 1478 3234 non.
1506 3187 1618 3233 Feb.
1647 3191 1783 3238 1537.
1809 3186 2002 3232 Calculo
2026 3186 2113 3232 Ro.

691 3290 820 3335 Tuus
844 3305 903 3335 ex
929 3290 1097 3342 animo,
1122 3287 1154 3333 J
1157 3299 1351 3333 OANNEs
1375 3286 1665 3331 anmams
1689 3285 2081 3331 PedemontanuS.

1354 3383 1433 3444 1³†
