2938 3762
957 472 1395 522 MONASTERII
1429 476 1477 522 A
1514 477 1810 527 KYNLOS.
2302 489 2356 530 81

466 601 602 647 Inter
641 618 805 648 omnes
851 604 1045 649 tandem
1071 605 1249 650 domini
1283 606 1492 654 Thomae
1526 610 1710 656 abbatis
1745 616 1955 665 conatus,
1991 612 2073 658 ille
2103 610 2362 673 potiffimus

398 699 582 761 semper
605 702 754 747 videri
779 703 968 761 poterit,
1004 718 1097 762 quo
1123 705 1276 749 virum
1299 721 1407 751 cum
1440 707 1589 753 literis
1620 715 1725 754 tum
1749 710 1959 756 civilium
1984 726 2200 757 curarum
2235 727 2365 771 prae-

399 800 657 846 cellentem
676 800 945 846 Robertum
965 800 1087 846 Reid
1112 803 1161 846 in
1183 800 1485 850 successorem
1509 808 1784 853 nominavit.
1838 808 1998 869 Hujus
2016 810 2215 856 Roberti
2239 826 2363 855 nunc
2385 805 2389 809 ’

400 902 654 960 prudentia
678 907 727 946 et
751 902 999 963 vigilantia
1022 908 1158 948 tanta
1181 901 1250 949 est
1274 909 1324 949 et
1348 904 1475 949 domi
1500 910 1549 950 et
1572 905 1696 959 foris,
1721 912 1946 965 quantam
1971 909 2050 953 vix
2073 924 2157 968 per
2179 910 2365 954 univer—

400 999 498 1045 sam
524 999 733 1046 Scotiam
749 1001 809 1046 ‘in
833 1000 984 1047 altero
1009 1001 1219 1048 offendas
1239 1018 1250 1056 ;
1286 1003 1403 1048 nihil
1428 1017 1650 1063 unquam,
1675 1004 1752 1050 vel
1775 1006 1824 1050 in
1847 1005 2074 1067 religione
2097 1023 2192 1053 non
2215 1007 2363 1052 solum

400 1097 693 1146 honestanda
705 1098 784 1145 sed
808 1101 1059 1146 retinenda
1078 1116 1278 1160 quoque,
1299 1098 1564 1162 appofitum
1582 1104 1731 1164 magis
1750 1102 1842 1149 effe
1860 1104 2049 1151 dixeris.
2071 1107 2073 1110 ⁴
2102 1105 2160 1150 In
2179 1107 2365 1166 reipub-

402 1200 520 1244 licae
545 1214 657 1244 vero
680 1199 1026 1259 multiplicibus
1050 1200 1174 1245 curis
1198 1200 1316 1245 nihil
1341 1214 1549 1259 unquam
1568 1201 1840 1261 vigilantius
1864 1209 1946 1249 aut
1965 1205 2107 1249 etiam
2128 1206 2366 1265 incorrup-

401 1301 497 1345 tius
537 1304 683 1358 atque
724 1299 995 1358 expeditius
1033 1299 1193 1344 videre
1233 1299 1423 1358 poteris,
1493 1298 1669 1344 Faxint
1710 1299 1880 1360 Superi
1919 1307 1974 1346 ut
2014 1302 2095 1348 illa
2134 1318 2274 1362 quam
2309 1303 2367 1348 de

400 1399 594 1444 homine
617 1412 783 1443 omnes
806 1398 905 1442 fere
933 1398 1236 1457 concepimus
1254 1397 1647 1456 expectationem,
1672 1397 1923 1457 aliquando
1946 1401 2192 1458 potiamur.
2249 1400 2368 1445 Tum

403 1494 600 1557 copiose,
643 1501 808 1542 tantae
847 1497 915 1541 rei
951 1495 1162 1541 authoris
1203 1495 1366 1541 laudes
1406 1496 1833 1551 annumerabimus,
1875 1504 1924 1543 et
1959 1497 2157 1543 Roberti
2192 1498 2373 1543 abbatis

403 1598 551 1649 dotes,
572 1597 622 1641 in
639 1601 842 1654 utroque
860 1594 1053 1640 homine
1072 1595 1316 1647 maximas,
1336 1592 1489 1639 soluta
1507 1594 1582 1639 vel
1600 1594 1847 1641 numerosa
1870 1597 2080 1642 oratione
2098 1611 2369 1656 pangemus,

403 1695 569 1741 acriori
603 1695 721 1740 item
761 1691 939 1753 spiritu.
1011 1693 1090 1739 Sic
1125 1707 1328 1752 aequum
1370 1691 1438 1737 est
1472 1693 1661 1752 utrique
1701 1709 1807 1738 meo
1849 1694 2135 1747 Mecaenaffi,
2171 1709 2368 1753 quorum

403 1794 636 1840 beneficio
670 1790 857 1838 nostrae
897 1807 1025 1837 1111116
1060 1789 1290 1851 respirant
1331 1790 1514 1844 Musae,
1555 1788 1586 1835 fi
1631 1807 1726 1836 non
1766 1807 1941 1851 parem,
1976 1790 2141 1837 saltem
2182 1793 2366 1837 candidi

404 1895 549 1940 animi
575 1908 686 1954 erga
716 1891 822 1936 illos
846 1891 1047 1952 gratiam
1072 1890 1324 1949 aliquando
1348 1890 1535 1935 referre.
1605 1889 1712 1934 Hoc
1736 1890 1852 1934 velit
1876 1887 2099 1949 Optimus
2124 1889 2367 1935 Maximus

403 1993 435 2038 J
439 1991 541 2038 esus
565 1998 619 2037 ut
643 1997 847 2050 utroque
882 1990 1053 2035 abbate
1083 1988 1220 2042 saIVQ
1247 1994 1296 2034 et
1320 1989 1469 2042 nobiS,
1502 2004 1559 2034 ea
1581 2004 1701 2048 quae
1725 2004 1851 2034 nunc
1874 1989 2030 2034 animo
2055 1989 2366 2048 concepimus,

406 2094 454 2137 in
479 2092 637 2137 lucem
662 2089 916 2149 aliquando
940 2087 1113 2148 scripta
1136 2088 1344 2147 proferre
1369 2087 1619 2133 valeamus.

472 2190 532 2236 In
554 2188 820 2250 praesentia
837 2189 960 2233 forte
984 2202 1159 2247 aquum
1180 2187 1324 2232 fuerit
1348 2186 1457 2231 huic
1480 2186 1671 2246 negotio
1694 2186 1836 2230 finem
1861 2186 2114 2244 imponere,
2132 2182 2369 2244 quousque

406 2290 536 2336 aliud
561 2289 808 2348 contingat
833 2287 1028 2348 cognitu
1051 2283 1356 2338 fimillimum,
1382 2284 1459 2330 vel
1482 2285 1626 2329 etiam
1650 2283 1815 2342 majus.

474 2388 610 2434 Haec
633 2388 780 2448 igitur
813 2386 961 2431 ferme
996 2383 1105 2429 sunt
1140 2384 1319 2428 domini
1342 2382 1551 2427 Thomae
1585 2381 1768 2427 abbatis
1793 2382 1841 2425 in
1876 2386 2075 2439 utraque
2100 2381 2198 2425 vita
2227 2394 2367 2439 opera

406 2488 556 2548 magis
590 2483 802 2546 insignia,
844 2499 965 2544 quae
1006 2497 1091 2528 nos
1125 2487 1289 2527 extare
1324 2481 1641 2542 cognovimus.
1710 2479 1847 2525 Vivit
1882 2479 2047 2532 adhuc,
2083 2485 2131 2523 et
2164 2476 2266 2538 spes
2300 2475 2368 2522 est

407 2588 544 2640 bona,
570 2600 680 2630 eum
704 2599 800 2629 non
823 2598 974 2643 pauca
1007 2581 1149 2642 longe
1173 2580 1352 2640 optima
1374 2583 1660 2624 curaturum.
1729 2577 1788 2622 Id
1813 2574 2024 2623 Christus
2049 2582 2103 2621 ut
2127 2576 2366 2628 concedat,

408 2700 504 2730 una
549 2698 665 2729 voce
717 2696 881 2728 omnes
927 2680 1096 2740 quibus
1148 2673 1408 2723 interceffit
1460 2691 1569 2722 cum
1619 2676 1810 2721 homine
1856 2674 2147 2721 familiaritas
2189 2674 2368 2734 jugiter

410 2785 729 2844 deprecamur.
798 2779 973 2825 Amen.

1315 2883 1469 2951 rusus,
