2938 3762
588 474 647 517 14
1208 468 1538 517 HISTORIA
1573 467 1917 517 ABBATUM

584 600 779 663 prorsuS.
849 601 946 648 Sed
971 602 1072 661 jam
1113 600 1224 647 satis
1264 601 1325 647 de
1358 600 1498 661 hujus
1532 599 1624 647 loci
1658 602 1857 647 nomine
1892 599 2341 663 significationeque.
2412 601 2558 649 Nunc

584 714 890 762 properemus
928 700 988 745 ad
1027 699 1321 745 fundationis
1368 713 1465 744 non
1510 696 1661 745 solum
1700 700 1850 754 initia,
1897 698 1977 745 sed
2022 700 2320 747 incrementa
2358 714 2558 760 quoquc,

585 814 706 859 quae
729 799 839 844 huic
863 794 1159 843 Monasterio
1182 812 1268 858 per
1288 793 1511 858 posteros,
1536 812 1646 844 cum
1684 798 1939 844 monachos
1962 803 2014 843 et
2035 798 2246 852 abbates,
2271 804 2376 844 tum
2402 798 2559 859 Reges

585 893 886 943 accesserunt.

647 995 898 1041 Proditum
932 991 1003 1040 est
1035 996 1292 1041 memoriae
1332 994 1517 1056 Regem
1554 993 1711 1040 David
1746 993 1832 1040 sub
1866 995 2058 1040 initium
2090 991 2200 1040 suae
2234 996 2283 1040 in
2319 994 2559 1041 Scoticam

583 1093 948 1154 Rempublicam
989 1090 1423 1147 administrationis,
1472 1107 1569 1139 una
1613 1107 1722 1138 cum
1759 1091 1918 1153 Regni
1952 1092 2235 1152 primoribus
2269 1091 2339 1138 sui
2373 1094 2559 1153 imperii

581 1194 810 1239 terminos
840 1187 1047 1239 lustrasse
1083 1206 1264 1237 omnes.
1349 1190 1447 1238 Sed
1481 1206 1592 1238 cum
1626 1190 1803 1251 ubique
1837 1205 2059 1252 magnam
2089 1187 2399 1251 conspexisset
2423 1177 2562 1238 vasti-

582 1293 697 1339 tatis
730 1290 1047 1345 solitudinem,
1088 1287 1364 1336 conversum
1398 1290 1535 1336 aiunt
1568 1289 1628 1336 ad
1662 1304 1880 1350 proceres
1919 1286 2113 1335 dixisse:
2156 1290 2328 1349 ecquid
2362 1291 2412 1335 in
2446 1290 2560 1336 orbe

579 1399 812 1438 terrarum
834 1386 896 1435 fic
919 1386 1083 1450 paffim
1118 1389 1350 1435 haberent
1372 1388 1553 1450 regna?
1587 1387 1665 1435 Ac
1688 1403 1799 1435 cum
1821 1385 2068 1449 accepisset
2091 1388 2246 1434 multo
2271 1388 2410 1434 aliter
2433 1388 2558 1448 apud

580 1495 770 1535 exteros
809 1489 987 1541 haberi,
1011 1503 1107 1534 non
1143 1502 1310 1548 parum
1349 1487 1528 1541 dolens,
1563 1488 1749 1548 inquit;
1799 1487 1911 1547 quid
1949 1501 2062 1548 ergo
2103 1487 2317 1547 impedit,
2342 1502 2437 1547 quo
2472 1488 2560 1532 mi-

580 1603 670 1633 nus
694 1602 792 1640 nos,
818 1584 1023 1632 vestrum
1048 1587 1261 1632 omnium
1299 1585 1599 1632 adminiculis
1633 1583 1813 1631 suffulti
1837 1583 2204 1646 Rempublicam
2240 1601 2269 1631 a
2305 1586 2560 1632 maioribus

579 1686 900 1748 negligentius
935 1686 1205 1740 traEtatum,
1246 1690 1555 1731 externorum
1590 1684 1780 1746 Regum
1828 1683 2050 1744 exemplo
2101 1684 2240 1738 bono,
2275 1685 2326 1729 in
2359 1684 2560 1730 formam

584 1786 790 1845 aliquam
814 1785 1136 1831 decentiorem
1161 1783 1420 1846 cogamus?
1489 1780 1785 1844 Responsum
1808 1780 1879 1829 est
1912 1798 1940 1829 a
1963 1782 2287 1837 nobilioribus,
2313 1780 2349 1827 fi
2377 1782 2487 1829 Rex
2509 1784 2560 1828 in

582 1885 793 1930 animum
833 1883 1082 1930 induceret
1115 1881 1251 1928 suum
1291 1881 1559 1943 hujusmodi
1596 1882 1887 1943 opinionem,
1925 1881 2065 1928 facile
2105 1881 2476 1928 adinventarum
2511 1887 2561 1927 et

583 1977 872 2029 consulto‘res
894 1983 1058 2036 bonos,
1083 1987 1133 2028 et
1157 1982 1397 2041 adjutores
1421 1995 1623 2041 quoque.
1693 1979 1752 2026 Id
1786 1995 1896 2026 cum
1931 1976 2178 2027 audivisset
2203 1979 2312 2026 Rex
2336 1981 2559 2040 optimus,

584 2097 698 2142 prae
721 2082 865 2127 animi
889 2081 1075 2127 laetitia
1095 2077 1301 2142 gestiens
1324 2079 1611 2140 hilariorque
1646 2079 1812 2133 festae,
1835 2080 2012 2140 gratias
2035 2079 2135 2140 egit
2157 2078 2251 2124 suis
2274 2078 2368 2124 illis
2392 2078 2561 2124 nobili-

586 2181 674 2226 bus
698 2181 758 2226 de
789 2180 873 2226 tali
898 2195 1011 2241 erga
1032 2178 1080 2225 se
1103 2187 1154 2225 et
1178 2178 1546 2239 Rempublicam
1581 2178 1769 2224 animo:
1806 2177 2071 2223 identidem
2103 2176 2334 2237 pollicens
2374 2174 2559 2237 auspice

583 2278 689 2326 Deo
713 2286 763 2326 et
788 2280 886 2325 vita
908 2279 1087 2325 comite
1105 2275 1154 2324 se
1176 2277 1394 2324 manibus
1417 2275 1709 2337 pedibusque
1734 2284 2025 2330 curaturum,
2043 2281 2100 2321 ut
2122 2274 2370 2321 meliorem
2391 2275 2545 2321 multo

583 2375 779 2439 posteris
813 2377 1025 2423 traderet
1065 2375 1446 2437 Rempublicam,
1472 2389 1614 2434 quam
1649 2390 1678 2421 a
1709 2374 1968 2435 majoribus
2006 2372 2100 2420 suis
2139 2373 2402 2434 accepisset.
2476 2373 2553 2420 Ac

583 2492 693 2524 cum
716 2477 901 2523 videret
931 2477 1027 2522 duo
1059 2472 1351 2537 potifiimum
1375 2472 1579 2520 existere
1601 2488 1686 2534 per
1708 2488 1831 2533 quae
1865 2471 2166 2519 florescerent
2188 2473 2424 2519 humanae
2448 2471 2562 2519 Res-

582 2576 814 2636 publicae,
837 2575 1017 2622 scilicet
1041 2574 1356 2636 Religionem,
1380 2578 1431 2620 et
1453 2573 1685 2619 bonarum
1719 2572 1883 2634 legum
1905 2570 2322 2619 constitutionem:
2362 2573 2557 2632 utrique

584 2676 797 2720 animum
830 2674 1056 2720 admovit.
1126 2672 1342 2719 Primum
1378 2671 1561 2732 aliquot
1594 2670 1862 2725 nobilioreS,
1892 2671 1941 2716 in
1979 2669 2151 2730 quibus
2186 2671 2345 2716 inerat
2378 2669 2562 2716 summa

585 2773 839 2834 prudentia
861 2787 972 2820 cum
995 2769 1117 2818 iusta
1150 2771 1418 2817 eruditione
1441 2770 1703 2823 coniunEta,
1724 2768 1905 2830 delegit
1928 2783 2047 2828 quos
2069 2769 2120 2814 in
2143 2773 2368 2815 externas
2391 2775 2561 2830 gentes

585 2874 816 2926 mitteret,
851 2871 912 2918 ad
948 2868 1277 2917 describendas
1313 2869 1443 2931 leges
1477 2874 1529 2915 et
1567 2881 1723 2913 mores
1761 2863 2122 2927 probatiffimos.
2196 2865 2342 2913 Brevi
2382 2867 2559 2913 fafitum

590 2968 751 3024 estfut
784 2969 950 3016 multis
984 2968 1170 3031 legibus
1204 2974 1256 3014 et
1295 2967 1466 3014 ritibus
1502 2968 1553 3013 in
1587 2981 1737 3013 unum
1775 2963 2063 3026 conscriptis,
2086 2966 2138 3012 hi
2161 2966 2250 3011 viri
2283 2965 2467 3012 nobiles
2500 2966 2558 3011 ad

597 3067 779 3129 Regem
802 3065 937 3114 suum
970 3082 1068 3114 non
1100 3066 1393 3128 inexpe&ati
1427 3066 1686 3112 redierunt.
1755 3062 1868 3111 Post
1903 3064 2087 3125 aliquot
2121 3064 2236 3118 dies,
2260 3060 2402 3124 ipfius
2435 3065 2559 3125 regis

590 3168 801 3227 imperiO,
825 3168 1040 3213 coaRum
1065 3163 1135 3221 est
1158 3181 1220 3212 ex
1242 3162 1471 3212 universis
1495 3164 1652 3226 Regni
1685 3163 1860 3210 finibus
1895 3162 2164 3217 concilium,
2187 3162 2248 3209 ad
2282 3161 2557 3223 deligendae

590 3280 650 3313 ex
673 3280 731 3312 eo
754 3264 1023 3311 tabularum
1046 3279 1216 3312 acervo
1246 3264 1388 3326 leges,
1414 3263 1606 3311 Scotico
1640 3261 1816 3323 populo
1852 3259 2015 3323 postea
2048 3261 2232 3307 futuras
2267 3260 2316 3306 in
2342 3259 2453 3320 jure
2490 3260 2560 3305 di-
