2938 3762
544 474 606 520 26
1173 468 1505 518 HISTORIA
1543 463 1887 516 ABBATUM

647 704 891 751 Domnus
914 703 1222 751 chmnnus
1702 745 1714 763 ,
1739 709 1913 757 Annas
1937 722 1967 755 A
1991 707 2208 755 KYNLos
2232 704 2431 761 Nonus,

959 801 1095 849 Obiit
1126 805 1183 851 16
1209 803 1310 851 Cal.
1337 805 1545 869 Augusti
1570 807 1718 854 Anno
1743 808 1942 856 Domini
1970 812 2110 859 1289.

616 1001 712 1048 Hic
736 1002 944 1063 primum
967 1002 1230 1049 monachus
1247 1003 1341 1050 fuit
1358 1006 1486 1066 apud
1506 1005 1636 1061 Deir,
1662 1013 1713 1053 et
1736 1007 1916 1053 ibidem
1934 1006 2080 1053 abbas
2099 1007 2322 1067 quintum
2358 1006 2530 1053 deinde

549 1102 746 1149 seleaus
780 1099 851 1148 est.
874 1107 930 1148 ut
952 1097 1183 1163 praeesset
1208 1100 1504 1152 Monasterio
1527 1122 1556 1152 a
1578 1105 1782 1168 Kynlos.
1855 1104 1968 1153 Huc
1994 1106 2141 1160 venit,
2166 1111 2217 1152 et
2240 1104 2534 1167 compluscu-

550 1203 621 1248 los
645 1217 793 1249 annos
816 1203 894 1263 pie
918 1203 1053 1258 vixit,
1081 1203 1225 1250 homo
1248 1203 1391 1266 plane
1415 1204 1674 1268 religiosus.

687 1493 931 1540 Donmus
1622 1532 1633 1550 ,
1659 1495 1833 1543 Anus
1857 1510 1887 1542 A
1911 1494 2129 1542 KYNLos
2154 1493 2403 1548 Decuma

1196 1593 1332 1641 Obiit
1356 1594 1504 1642 Anno
1530 1595 1727 1642 Domini
1755 1599 1895 1642 1303.

620 1790 723 1837 Sub
746 1791 892 1837 finem
926 1791 1069 1853 huJus
1092 1792 1279 1839 abbatis
1315 1793 1482 1840 decem
1518 1807 1668 1840 annos
1703 1799 1832 1839 totos
1857 1792 2111 1839 Eduardus
2134 1788 2413 1855 Anglorum‘
2433 1793 2539 1840 Rex

555 1884 725 1937 Scotos
765 1890 932 1937 multis
971 1892 1288 1938 incommodis
1327 1892 1513 1940 afflixit.
1597 1891 1824 1955 Regnum
1865 1893 1926 1939 ad
1962 1891 2168 1939 Fornam
2210 1893 2423 1947 fluvium,
2459 1894 2539 1939 ubi

556 1988 744 2036 Roffiae
769 1976 943 2037 vadum
968 1989 1051 2045 est,
1077 1992 1123 2036 vi
1148 1992 1345 2038 tandem
1369 1998 1586 2053 occupat.
1657 1991 1825 2039 Abbas
1858 1993 2006 2054 igitur
2029 2008 2086 2039 eo
2109 1999 2327 2053 tempore
2351 1991 2540 2040 secutus

556 2089 828 2152 Anglorum
854 2091 1093 2150 judicium
1118 2092 1271 2137 varias
1306 2093 1525 2138 extruxit
1560 2093 1726 2138 domos
1750 2093 1810 2139 ad
1834 2093 2037 2139 formam
2065 2091 2414 2155 Anglicanam3
2451 2095 2543 2154 pri-

558 2206 689 2236 mum
714 2192 763 2236 in
790 2187 1085 2237 Monasterio
1120 2192 1474 2253 aegrotantium
1509 2192 1664 2247 aedes,
1700 2190 1944 2247 ustrinam‚
1976 2193 2082 2239 bra·
2110 2202 2212 2248 Quas
2238 2216 2358 2254 nuper
2387 2203 2541 2242 demoli-

559 2289 720 2344 finam,
763 2297 814 2336 et
851 2291 1175 2338 conficiendae
1210 2288 1462 2338 cerevisiae
1497 2292 1722 2347 domum;
1764 2293 1970 2357 denique
2005 2307 2083 2338 co-
2110 2298 2171 2328 tus
2185 2289 2439 2328 estRobertus
2452 2291 2544 2328 Reid

559 2392 767 2450 quinam,
783 2406 927 2451 quam
946 2406 1100 2452 nuper
1115 2390 1373 2438 demolitus
1391 2389 1462 2438 est
1476 2391 1683 2439 Thomas
1699 2389 1903 2453 Crystall
1922 2392 2080 2446 abbas,
2111 2376 2254 2422 Abbas,
2269 2376 2445 2415 meliores
2464 2377 2546 2415 illa-

560 2491 807 2537 meliorem
847 2490 976 2537 illius
1016 2490 1121 2537 loco
1162 2489 1429 2552 subjiciens.
1512 2491 1805 2539 Aedificavit
1846 2494 1993 2538 etiam
2033 2492 2084 2537 in
2112 2477 2196 2501 rum
2224 2462 2306 2501 1⁰⁰⁰
2334 2464 2546 2514 sumeens,

560 2605 742 2636 morem
777 2590 1049 2652 Anglorum
1084 2591 1280 2637 domum
1315 2590 1447 2638 illam
1489 2592 1718 2653 majorem
1752 2590 2082 2653 piscationum,
2112 2556 2546 2676 {culmusffgsffimrotcssn

2418 2667 2428 2683 ‚

562 2707 683 2751 quae
707 2689 777 2737 est
801 2689 960 2737 nostro
984 2707 1174 2752 quoque
1205 2697 1422 2753 tempore
1446 2693 1496 2738 in
1521 2688 1805 2738 Monasterii
1838 2690 2086 2753 prospe&u
2113 2725 2258 2763 duobus
2270 2723 2422 2771 solariis,
2435 2739 2549 2763 unam

562 2792 756 2838 nomine
779 2789 953 2855 Fyfche
973 2789 1107 2838 how-5.
1177 2790 1275 2838 Sed
1298 2792 1448 2838 videri
1483 2789 1641 2853 potest
1675 2790 1930 2847 absurdum
1958 2791 2085 2851 quod
2113 2825 2180 2862 pro
2199 2811 2325 2857 ordeo,
2342 2818 2380 2850 et
2394 2811 2546 2850 alteram

566 2890 662 2937 illic
687 2891 832 2938 abbas
856 2891 1180 2939 aedificaverit
1204 2892 1415 2946 domum,
1440 2892 1524 2939 ubi
1542 2890 1700 2938 nullas
1717 2897 1824 2938 tum
1843 2892 2084 2952 temporis,
2113 2911 2181 2950 pro
2215 2898 2415 2943 frumento,
2451 2912 2548 2936 anno

567 2991 656 3037 hoc
676 2989 745 3037 est
763 2997 877 3038 ante
893 2991 1164 3039 Robertum
1180 2991 1323 3038 Bruis
1341 3006 1518 3054 regem,
1537 2992 1758 3039 habuerit
1776 2990 2086 3052 piscationes:
2116 2984 2267 3023 Domini
2289 2987 2363 3023 ¹⁵3
2420 3013 2428 3020 ·

570 3088 657 3137 nist
681 3092 942 3139 dixerimus
967 3092 1016 3138 id
1040 3092 1216 3139 factum
1242 3090 1515 3154 Anglorum
1550 3090 1769 3152 impulsu,
1795 3092 1877 3151 qui
1902 3107 1959 3137 ea
1981 3096 2141 3137 aetate
2165 3091 2325 3136 omnia
2350 3104 2550 3150 occupa·

570 3191 700 3244 bant,
725 3198 775 3236 et
799 3190 881 3237 suo
905 3192 1110 3252 quodam
1134 3192 1245 3253 jure
1268 3193 1417 3238 etiam
1447 3190 1762 3253 piscabantur.

640 3290 889 3336 Proditum
915 3289 984 3337 est
1007 3293 1265 3338 memoriae
1289 3307 1346 3338 eo
1370 3298 1588 3353 tempore
1623 3307 1708 3352 per
1735 3287 1943 3353 singulos
1977 3305 2126 3337 annos
2160 3291 2210 3336 in
2244 3290 2333 3335 hoc
2360 3287 2551 3335 Monas-
