2938 3762
1053 1094 1180 1148 AD
1234 1096 1783 1152 LECTOREM.

497 1300 694 1361 Optime
720 1300 902 1354 Leffimr,
923 1301 1224 1346 decreveram
1242 1302 1448 1361 primum
1467 1308 1722 1348 contexere
1742 1300 1999 1350 Historiam
2014 1319 2042 1350 a
2059 1303 2269 1365 Kynlos:
2295 1306 2389 1353 Sed

430 1414 540 1446 cum
573 1396 905 1460 perspexissem
928 1414 1026 1445 non
1047 1415 1198 1460 pauca
1230 1400 1486 1446 admodum
1521 1399 1726 1453 obscura,
1761 1406 1816 1447 ut
1850 1401 2007 1448 lucem
2029 1418 2124 1448 non
2146 1405 2390 1464 recipiunt,

431 1503 619 1545 mutato
637 1495 841 1552 confilio,
868 1497 1063 1559 Sylvam
1088 1498 1326 1557 quandam
1350 1499 1562 1544 omnium
1587 1500 1929 1559 antiquitatum
1951 1515 2066 1560 quas
2089 1501 2290 1548 nancisci
2312 1517 2393 1562 po-

430 1599 503 1644 tui
539 1595 769 1658 descripsi,
805 1596 1078 1656 relinquens
1112 1595 1380 1657 posteritati
1408 1598 1530 1643 hanc
1565 1612 1724 1644 curam
1759 1604 1813 1643 ut
1847 1599 2052 1658 inquirat
2075 1614 2195 1660 quae
2218 1597 2394 1646 defide-

430 1702 609 1750 rantur,
636 1702 685 1742 et
710 1694 774 1742 fic
798 1694 1059 1741 Historiam
1081 1710 1179 1740 non
1202 1692 1301 1740 fine
1325 1693 1493 1740 nostris
1528 1695 1824 1742 adminiculis
1848 1694 2120 1743 conscribat.
2185 1697 2237 1743 Si
2272 1699 2392 1744 forte

431 1797 554 1857 petis
578 1810 671 1855 quo
695 1795 831 1855 pacto
855 1792 1077 1854 suppetet
1106 1794 1446 1853 antiquitatum
1472 1794 1607 1853 copia
1629 1791 1838 1854 posteris,
1863 1809 1983 1854 quae
2006 1809 2091 1841 nos
2115 1792 2391 1850 destituerit,

430 1895 649 1942 indicabo
678 1895 853 1955 paucis.
882 1887 885 1889 ’
926 1892 1090 1938 Multa
1112 1891 1222 1937 sunt
1245 1893 1296 1938 in
1319 1891 1450 1937 libris
1482 1890 1820 1952 Episcoporum
1844 1891 2089 1939 Moraviae
2111 1900 2160 1939 et
2183 1894 2283 1954 ejus
2305 1893 2394 1940 Ca-

430 1993 586 2055 pituli,
611 1994 714 2039 a&a
736 1992 877 2052 hujus
891 1990 984 2037 loci
999 2006 1027 2037 a
1051 1989 1252 2051 Kynlos,
1277 2004 1398 2049 quae
1420 2003 1517 2035 non
1534 1995 1805 2050 poteramus
1828 2004 1911 2050 per
1934 1993 2264 2051 occupationes
2286 2007 2395 2039 con-

429 2092 606 2139 sulere:
642 2090 797 2137 multa
818 2091 868 2135 in
895 2088 1091 2142 Melros,
1117 2088 1290 2148 Cupr0,
1317 2087 1447 2142 Deir,
1473 2094 1523 2133 et
1547 2086 1749 2141 Culross,
1775 2102 1895 2148 quae
1918 2094 2142 2149 poterunt
2166 2089 2393 2136 observari

431 2193 491 2239 ab
526 2192 599 2237 his
632 2187 850 2235 studiofis
883 2188 1139 2241 monachis,
1176 2188 1257 2247 qui
1291 2187 1350 2233 ad
1374 2201 1430 2232 ea
1464 2187 1567 2232 loca
1599 2185 1932 2247 saepenumero
1967 2188 2220 2233 divertunt.
2289 2187 2395 2234 Hoc

432 2288 502 2337 est
533 2289 659 2350 quod
682 2294 732 2334 te
768 2289 985 2350 ignorare
1009 2285 1141 2332 nolui
1168 2285 1338 2331 Le&or
1360 2285 1495 2330 bone.
1554 2282 1679 2331 Vale
1714 2284 1927 2339 feliciter,
1961 2290 2009 2330 et
2040 2286 2160 2331 bene
2183 2293 2395 2346 precator

430 2388 528 2436 istis
552 2385 734 2443 nostris,
759 2388 809 2433 in
833 2392 966 2433 tuam
989 2386 1205 2448 gratiam,
1232 2383 1484 2430 laboribus.
