2938 3762
1012 469 1451 519 MONASTERII
1486 472 1534 519 A
1571 473 1870 523 KYNLOS.
2362 488 2422 531 39

461 598 617 644 bimus
658 598 868 659 'paucula
906 615 1026 660 quae
1061 604 1389 649 contexendae
1428 601 1646 650 historiae
1685 605 1936 665 aliquando
1977 605 2196 654 inservire
2235 607 2417 669 poffint.

461 695 676 742 Primum
699 697 848 743 nobili
871 695 1009 743 fimul
1033 704 1083 744 et
1105 697 1302 746 honesto
1326 700 1430 747 loco
1453 708 1593 748 natus
1622 703 1670 748 in
1694 703 1994 764 Akynheide,
2026 704 2247 766 utrosque
2271 708 2418 754 claros

460 795 626 841 habuit
660 801 912 855 parentes3
947 795 1184 843 Joannem
1220 797 1344 844 Reid
1377 804 1574 859 patrem,
1610 802 1690 859 qui
1725 816 1833 846 cum
1869 801 2049 848 Jacobo
2084 805 2184 863 ejus
2218 807 2420 852 nominis

458 898 626 952 quarto
662 892 916 940 Scotorum
950 894 1084 957 Rege
1119 897 1243 957 apud
1279 895 1527 951 Floddum‚
1564 899 1664 952 viz„
1699 900 1749 944 in
1785 899 2129 947 Northumbria
2163 903 2416 957 occubuit;

458 973 692 1038 Bessetam
730 992 1027 1040 Schanwelle
1066 1002 1269 1041 matrem
1303 1011 1590 1056 germanam,
1626 999 1726 1052 viz„
1762 998 1945 1044 abbatis
1980 1015 2007 1045 a
2047 1000 2203 1061 Cupro
2239 1003 2414 1048 domini

456 1089 655 1137 Joannis
679 1090 983 1138 Schanwellii
1015 1098 1064 1138 et
1097 1092 1316 1155 Magistri
1351 1094 1551 1141 Roberti
1585 1095 1885 1142 Schanwellii
1919 1113 2044 1144 nunc
2079 1100 2222 1145 etiam
2257 1102 2414 1147 vicarii

454 1206 481 1235 a
505 1189 761 1236 Kirkaldii.
815 1190 1058 1238 Educatus
1081 1190 1150 1238 est
1174 1193 1298 1253 apud
1322 1193 1608 1239 avunculum
1626 1193 1900 1256 magistrum
1918 1195 2194 1251 Robertum,
2214 1197 2411 1244 Archie-

453 1286 628 1350 piscopi
663 1288 776 1335 Divi
803 1288 1028 1336 Andreae
1057 1290 1318 1344 officialem,
1354 1293 1403 1336 in
1437 1290 1535 1351 ipsa
1568 1293 1684 1337 urbe
1720 1291 1833 1337 Divi
1855 1291 2091 1347 Andreae,
2126 1295 2207 1340 ubi
2242 1297 2412 1341 artium

453 1387 720 1434 liberalium
756 1394 805 1434 et
828 1386 1051 1449 magister
1073 1390 1122 1433 in
1147 1389 1346 1450 collegio
1379 1388 1492 1434 Divi
1528 1389 1785 1435 Salvatoris
1819 1388 1902 1435 sub
1934 1390 2120 1452 collegii
2153 1393 2413 1454 praeposito

454 1486 526 1532 M.
563 1485 773 1548 Hugone
798 1486 952 1547 Spens
986 1487 1208 1548 theologo
1242 1484 1501 1542 clarissimo,
1538 1493 1722 1534 creatus
1757 1486 1838 1533 est.
1908 1487 2145 1549 Deinceps
2169 1506 2276 1536 cum
2301 1491 2412 1538 esset

450 1586 660 1631 moribus
690 1583 1047 1647 spectatiflimus
1088 1586 1265 1633 ele&us
1306 1583 1374 1632 est
1403 1588 1451 1631 in
1495 1584 1796 1632 successorem
1824 1586 2008 1632 honesti
2044 1589 2128 1632 viri
2164 1587 2410 1636 subdecani

451 1673 699 1731 Moraviae
739 1685 918 1730 domini
960 1685 1190 1731 Gulielmi
1232 1683 1568 1731 Winchester:
1616 1682 1718 1745 post
1753 1685 1999 1745 paululum
2044 1701 2152 1731 vero
2187 1691 2409 1747 temporis

448 1799 533 1844 per
565 1789 766 1830 mortem
807 1785 985 1829 domini
1019 1782 1285 1838 subdecani,
1327 1786 1395 1829 ita
1429 1784 1527 1844 egit
1560 1784 1609 1828 in
1648 1799 1703 1829 eo
1738 1798 1934 1830 munere
1969 1790 2023 1829 ut
2058 1785 2238 1830 duobus
2278 1801 2409 1845 prae-

447 1882 625 1929 sulibus
650 1883 910 1937 Moraviae,
946 1883 1034 1928 hoc
1064 1880 1132 1928 est
1166 1879 1386 1944 magistro
1421 1881 1601 1928 Jacobo
1636 1881 1869 1935 Halburn,
1905 1888 1954 1928 et
1983 1883 2171 1928 domino
2196 1883 2405 1929 Roberto

447 1981 645 2028 Schawe
669 1983 812 2028 fuerit
848 1983 988 2044 longe
1011 1979 1307 2043 gratiffimuS,
1345 1987 1394 2027 et
1417 1979 1502 2026 sub
1525 1982 1597 2026 his
1632 1955 1731 2041 egis
1764 1980 2011 2026 officialem
2048 1981 2206 2040 (quam
2236 1990 2405 2026 vocant

446 2096 543 2126 non
566 2082 764 2141 inepte).
834 2080 1059 2127 Habebat
1084 2081 1302 2126 dominus
1328 2080 1567 2126 Robertus
1592 2078 1789 2124 Schawe
1811 2079 1861 2123 in
1884 2079 2040 2124 animo
2063 2080 2189 2124 hunc
2213 2079 2405 2139 diligere

445 2182 495 2226 in
539 2177 844 2226 successorem
895 2177 1031 2224 suum
1082 2177 1169 2224 nifi
1213 2194 1339 2225 mors
1385 2180 1639 2224 immatura
1689 2178 1816 2223 illius
1867 2183 2087 2223 conatum
2140 2177 2402 2238 abrupiss'et.

445 2279 639 2325 Interea
692 2284 855 2324 tamen
913 2278 1076 2323 multis
1135 2278 1405 2323 nominibus
1455 2276 1695 2338 satagebat
1745 2291 1902 2322 rerum
1952 2275 2136 2322 suarum
2189 2277 2403 2321 dominus

443 2377 648 2423 Thomas
683 2375 917 2438 Chrystall
943 2383 995 2423 ut
1030 2379 1077 2422 in
1110 2374 1368 2422 constituto
1402 2375 1477 2422 vel
1508 2377 1665 2436 potius
1688 2371 1905 2420 restituto
1938 2389 2022 2433 per
2054 2371 2099 2419 se
2122 2371 2398 2419 monasterio

443 2493 539 2523 non
574 2475 854 2523 oscitantem
877 2476 1164 2535 relinqueret
1188 2470 1502 2520 successorem.
1571 2472 1795 2518 Obtinuit
1829 2473 1988 2531 itaque
2019 2473 2230 2531 quamvis
2261 2488 2398 2533 aegre

442 2582 497 2621 ut
534 2575 606 2621 M.
643 2575 883 2621 Robertus
919 2573 1054 2627 Reid,
1091 2588 1183 2633 quo
1207 2573 1266 2618 de
1288 2587 1415 2617 nunc
1439 2571 1633 2632 agimUS,
1668 2571 1806 2630 hujus
1841 2570 1931 2615 loci
1965 2571 2251 2629 provinciam
2273 2571 2323 2615 in
2350 2569 2396 2614 se

441 2675 704 2734 reciperet3
739 2673 788 2718 id
811 2672 938 2732 quod
961 2672 1136 2717 fa&um
1160 2668 1230 2715 est
1251 2668 1336 2715 sub
1359 2684 1482 2715 anno
1507 2669 1684 2713 domini
1711 2669 1848 2733 1526,
1917 2667 2061 2712 Α11110
2085 2683 2194 2712 vero
2218 2668 2391 2712 domini

444 2777 583 2826 152*7‚
618 2771 854 2832 profectus
889 2767 957 2816 est
991 2769 1229 2815 Robertus
1257 2768 1381 2814 Reid
1404 2767 1620 2820 Romam,
1655 2782 1739 2827 pro
1771 2766 2105 2826 diplomatibus
2129 2763 2392 2811 monasterii

438 2888 466 2918 a
489 2870 688 2931 Kynlos,
724 2870 775 2914 in
808 2868 1090 2929 pontificatu
1124 2867 1386 2913 Clementis
1410 2864 1608 2926 septimi,
1633 2865 1772 2926 paulo
1795 2863 1899 2924 post
1921 2879 2023 2910 eam
2048 2863 2227 2909 cladem
2252 2878 2391 2922 quam

437 2970 706 3016 Borbonius
743 2967 857 3013 Dux
891 2967 997 3012 urbi
1031 2965 1209 3011 intulit.
1246 2964 1455 3026 Signatis
1490 2964 1683 3009 tandem
1719 2962 2050 3023 diplomatibus
2083 2961 2166 3006 sub
2200 2962 2388 3007 initium

435 3071 547 3116 anni
587 3071 711 3114 1528
734 3067 901 3112 urbem
934 3065 1174 3124 relinquit,
1201 3064 1412 3110 Scotiam
1435 3063 1695 3108 identidem
1719 3063 1942 3122 cogitans.
2010 3060 2142 3106 Tunc
2166 3062 2389 3121 temporis

434 3183 534 3222 nos,
573 3167 737 3213 61136ὶο
760 3149 891 3226 pene⁴
904 3163 1122 3216 triennio,
1148 3158 1334 3207 Parisiis
1367 3158 1686 3221 magisterium
1722 3159 1879 3218 (quam
1905 3159 2086 3219 dicunt)
2122 3158 2386 3204 liberalium

432 3267 608 3313 artium
633 3266 722 3311 affl
746 3277 944 3317 eramus,
969 3267 1112 3321 atque
1147 3259 1307 3306 oblata
1340 3259 1622 3312 conditione,
1658 3272 1766 3304 cum
1801 3253 1912 3303 esset
1945 3258 1994 3302 in
2028 3257 2184 3302 animo
2217 3257 2381 3302 horum
