2938 3762
587 451 646 494 49
1209 446 1538 496 HISTORIA
1574 447 1917 496 ABBATUM

1066 650 1097 697 J
1102 664 1298 698 oANNEs
1323 651 1619 699 Fannmzms
1643 652 2076 701 PEDEMONTANUS.

652 772 798 819 Nunc
821 773 880 818 de
903 773 1039 819 nobis
1073 773 1275 834 paucula
1309 775 1533 830 dicamne,
1569 776 1972 836 quemadmodum
2005 778 2273 838 recepimus
2307 791 2393 824 nos
2415 777 2557 839 paulo

584 878 698 919 ante
721 872 926 918 fa&uros
960 872 1087 932 apud
1109 878 1306 934 gentem
1330 874 1557 935 ignotam,
1589 874 1812 936 exemplo
1837 874 2109 923 Hieronimi
2132 881 2183 922 et
2207 875 2408 923 aliorum
2431 876 2561 923 illus-

582 972 728 1016 trium
752 968 1048 1030 scriptorum,
1073 972 1155 1031 qui
1173 969 1278 1018 suas
1302 973 1448 1018 etiam
1472 973 1595 1019 vitas
1613 972 1766 1019 literis
1783 970 2131 1036 confignamnt,
2150 990 2247 1021 non
2271 976 2331 1023 ad
2355 974 2561 1022 ostenta-

583 1070 780 1124 tionem,
803 1067 882 1114 sed
906 1075 962 1115 ut
985 1070 1034 1115 in
1058 1070 1333 1131 cognitione
1356 1069 1578 1118 historiae
1601 1069 1867 1133 posteritati
1902 1070 2203 1120 consulerent
2222 1089 2234 1128 ;
2269 1075 2339 1120 ita
2359 1074 2560 1122 AEneam

583 1166 739 1214 fecisse
763 1168 964 1230 legimus
988 1169 1114 1229 apud
1139 1168 1415 1231 Virgilium,
1440 1185 1550 1217 cum
1575 1171 1634 1217 de
1656 1169 1705 1218 se
1728 1173 1778 1218 in
1801 1172 1930 1218 hunc
1951 1173 2148 1219 modum
2174 1172 2398 1234 loquitur.

851 1267 971 1313 Sum
994 1269 1103 1329 pius
1125 1268 1301 1315 AEneas
1325 1270 1472 1316 viaos
1495 1272 1576 1331 qui
1599 1285 1661 1317 ex
1684 1268 1818 1317 hoste
1843 1270 2050 1318 Penates

846 1364 998 1413 Class'e
1023 1367 1143 1414 veho
1166 1383 1369 1415 mecum.

652 1465 835 1526 Itaque,
873 1463 1016 1526 fiquis
1050 1466 1174 1512 forte
1219 1468 1428 1527 requirat
1474 1462 1677 1529 patriam
1723 1466 1944 1524 nostram,
1990 1470 2135 1517 velim
2181 1471 2420 1533 intelligat
2466 1469 2559 1518 ess'e

583 1563 790 1618 Italiam,
826 1580 888 1610 ex
910 1562 1119 1626 Augusti
1153 1563 1363 1612 Caesaris
1398 1565 1724 1628 descriptione,
1761 1569 1842 1629 qui
1876 1567 2024 1630 usque
2057 1571 2118 1616 ad
2141 1568 2341 1632 Alpium
2377 1571 2559 1617 radices

584 1662 774 1709 Italiam
795 1660 1083 1725 designavit3
1107 1661 1178 1710 fin
1197 1663 1369 1711 Italiae
1392 1671 1578 1726 partem
1602 1667 1764 1727 cupiat
1787 1666 2040 1729 agnoscere
2063 1666 2304 1729 quispiam,
2329 1666 2445 1715 sciat
2468 1667 2559 1715 effe

587 1761 863 1816 Insubriam,
899 1778 1020 1823 quae
1055 1768 1104 1810 et
1140 1762 1300 1811 Gallia
1333 1770 1522 1811 comata
1554 1765 1670 1811 olim
1704 1766 1830 1813 dieta
1863 1764 1946 1812 est.
2016 1766 2093 1814 Ac
2127 1768 2178 1813 in
2202 1766 2420 1815 Insubria
2453 1783 2559 1814 eam

582 1867 767 1921 partem
792 1868 1013 1908 tenemus
1041 1878 1184 1923 quam
1207 1863 1349 1910 hodie
1371 1864 1774 1924 pedemontanam
1796 1867 2040 1928 regionem
2064 1867 2245 1913 dicunt.
2314 1866 2559 1928 Oppidum

583 1966 745 2006 autem
770 1952 839 2007 est
863 1962 912 2006 in
937 1961 1252 2008 Pedemontio
1288 1962 1415 2022 quod
1437 1961 1519 2009 suo
1543 1965 1737 2010 nomine
1762 1963 1990 2010 Cherium
2013 1971 2200 2020 vocant,
2224 1962 2559 2026 ampliffimum

582 2065 632 2104 et
654 2059 902 2105 hominum
927 2060 1196 2121 frequentia
1218 2067 1268 2107 et
1291 2061 1560 2107 aedificium
1594 2059 1827 2109 struSmra
1849 2069 1899 2109 et-
1923 2064 2196 2110 divitiarum
2231 2064 2395 2125 copia:
2430 2065 2559 2110 unde

581 2158 784 2218 majores
815 2156 962 2204 nostri
995 2160 1228 2221 originem
1262 2165 1465 2207 traxere.
1536 2159 1761 2208 Proxime
1797 2162 1857 2208 ad
1892 2162 2119 2223 oppidum
2160 2162 2319 2209 Cherii
2354 2162 2558 2210 secundo

582 2256 739 2317 lapide
770 2254 839 2303 est
875 2257 1005 2304 aliud
1039 2258 1266 2319 oppidum
1300 2259 1459 2305 minus
1487 2260 1614 2320 quod
1647 2258 1730 2306 suo
1753 2261 1947 2307 nomine
1971 2260 2129 2322 Rippa
2161 2277 2308 2322 prope
2331 2261 2559 2309 Cherium

583 2356 821 2402 vocitatur
844 2357 894 2402 in
918 2371 1011 2416 quo
1046 2356 1204 2403 lucem
1238 2357 1498 2404 aetheriam
1532 2359 1739 2419 primum
1773 2358 2021 2406 nascentes
2043 2360 2248 2406 vidimus
2270 2358 2355 2407 sub
2378 2377 2557 2408 annum

584 2453 779 2500 Domini
831 2459 968 2510 1502,
1027 2455 1211 2502 calculo
1265 2471 1474 2511 romano,
1531 2458 1581 2502 in
1641 2453 1759 2503 festo
1816 2457 2098 2505 Dominicae
2143 2458 2555 2506 Annuntiationis.

584 2551 815 2599 Parentes
851 2553 1105 2600 habuimus
1145 2569 1207 2600 ex
1244 2556 1395 2600 veteri
1433 2560 1483 2600 et
1519 2556 1766 2602 nominata
1799 2553 1910 2603 satis
1947 2557 2128 2603 familia
2166 2573 2252 2618 per
2290 2557 2555 2605 universam

585 2649 849 2697 Insubriam
881 2667 977 2698 non
1013 2653 1402 2699 contemnendos.
1471 2652 1713 2714 Imprimis
1751 2654 2022 2703 Martinum
2063 2655 2331 2703 Ferrerium
2370 2665 2555 2718 patrem

583 2754 633 2794 et
668 2748 974 2797 Cathariuam
1011 2750 1247 2797 Finellam
1281 2757 1499 2797 matrem.
1568 2751 1704 2799 Avus
1738 2769 1874 2800 meus
1905 2770 1966 2801 ex
1988 2761 2124 2816 patre
2158 2756 2251 2802 fuit
2286 2755 2556 2804 Gulielmus

586 2846 623 2891 F
626 2849 838 2903 errerius,
864 2851 934 2895 vir
967 2848 1223 2896 consularis
1254 2855 1305 2896 et
1338 2850 1526 2911 probus,
1562 2852 1643 2911 qui
1666 2867 1815 2899 annos
1842 2857 1934 2900 103
1971 2855 2106 2901 vixit.
2177 2854 2387 2902 Proavus
2420 2872 2555 2903 meus

585 2961 646 2991 ex
681 2955 814 3007 patre
849 2949 941 2995 fuit
965 2949 1221 3004 Martinus,
1251 2950 1327 2996 avi
1351 2949 1582 2997 Gulielmi
1603 2956 1752 3012 pater,
1777 2953 1828 2998 in
1850 2967 1902 2999 re
1925 2953 2119 3000 militari
2141 2950 2359 3001 strenuus
2382 2955 2481 3002 dux
2504 2963 2554 3002 et

586 3043 882 3093 conestaulus
907 3046 1068 3108 (quem
1092 3049 1283 3110 vocant)
1315 3049 1545 3110 egregius.
1614 3048 1813 3097 Abavus
1846 3056 2010 3098 autem
2043 3067 2180 3099 meus
2211 3067 2272 3099 ex
2294 3058 2430 3113 patre
2463 3054 2554 3100 fuit

585 3141 789 3190 Thomas
831 3145 1083 3201 Ferrerius‚
1123 3146 1325 3193 Martini
1361 3149 1523 3209 proavi
1562 3153 1711 3209 pater,
1749 3148 1871 3210 juris
1909 3149 2155 3211 utriusque
2194 3150 2356 3197 (1οᾶοτ
2394 3157 2444 3197 et
2485 3154 2555 3197 vir

589 3240 854 3289 consularis.
937 3244 1033 3291 Sed
1072 3246 1189 3292 haec
1233 3246 1284 3292 in
1329 3243 1565 3307 presentia
1609 3247 1669 3294 de
1713 3263 1888 3310 genere
1941 3246 2100 3295 nostro
2135 3248 2259 3296 fiatis.
2346 3248 2553 3297 Primam
