<?xml version="1.0" encoding="UTF-8"?>
<!DOCTYPE html PUBLIC "-//W3C//DTD XHTML 1.0 Transitional//EN"
    "http://www.w3.org/TR/xhtml1/DTD/xhtml1-transitional.dtd">
<html xmlns="http://www.w3.org/1999/xhtml" xml:lang="en" lang="en">
 <head>
  <title>
</title>
<meta http-equiv="Content-Type" content="text/html;charset=utf-8" />
  <meta name='ocr-system' content='tesseract 3.04.00' />
  <meta name='ocr-capabilities' content='ocr_page ocr_carea ocr_par ocr_line ocrx_word'/>
</head>
<body>
  <div class='ocr_page' id='page_1' title='image "./ferreriihistor6300ferruoft_0100.png"; bbox 0 0 2938 3762; ppageno 0'>
   <div class='ocr_carea' id='block_1_1' title="bbox 572 460 1915 510">
    <p class='ocr_par' dir='ltr' id='par_1_1' title="bbox 572 460 1915 510">
     <span class='ocr_line' id='line_1_1' title="bbox 572 460 1915 510; baseline -0.002 0"><span class='ocrx_word' id='word_1_1' title='bbox 572 463 632 510; x_wconf 90' lang='lat'>66</span> <span class='ocrx_word' id='word_1_2' title='bbox 1196 460 1529 508; x_wconf 87' lang='lat' dir='ltr'>HISTORIA</span> <span class='ocrx_word' id='word_1_3' title='bbox 1565 460 1848 508; x_wconf 89' lang='lat' dir='ltr'><strong>ABBATU</strong></span> <span class='ocrx_word' id='word_1_4' title='bbox 1859 460 1915 507; x_wconf 94' lang='lat' dir='ltr'>M</span> 
     </span>
    </p>
   </div>
   <div class='ocr_carea' id='block_1_2' title="bbox 570 577 2557 3230">
    <p class='ocr_par' dir='ltr' id='par_1_2' title="bbox 570 577 2557 2340">
     <span class='ocr_line' id='line_1_2' title="bbox 570 577 2551 653; baseline 0.001 -14"><span class='ocrx_word' id='word_1_5' title='bbox 570 591 617 639; x_wconf 88' lang='lat' dir='ltr'>se</span> <span class='ocrx_word' id='word_1_6' title='bbox 640 593 883 639; x_wconf 87' lang='lat' dir='ltr'>hominem</span> <span class='ocrx_word' id='word_1_7' title='bbox 907 598 1109 653; x_wconf 91' lang='lat' dir='ltr'>raperet,</span> <span class='ocrx_word' id='word_1_8' title='bbox 1134 577 1292 638; x_wconf 69' lang='lat' dir='ltr'>noluit</span> <span class='ocrx_word' id='word_1_9' title='bbox 1315 599 1481 639; x_wconf 90' lang='lat' dir='ltr'>tamen</span> <span class='ocrx_word' id='word_1_10' title='bbox 1504 608 1590 653; x_wconf 87' lang='lat' dir='ltr'>per</span> <span class='ocrx_word' id='word_1_11' title='bbox 1612 590 1914 640; x_wconf 79' lang='lat' dir='ltr'>oscitantiam</span> <span class='ocrx_word' id='word_1_12' title='bbox 1945 592 2249 638; x_wconf 84' lang='lat' dir='ltr'>committere</span> <span class='ocrx_word' id='word_1_13' title='bbox 2272 598 2341 647; x_wconf 92' lang='lat' dir='ltr'>ut,</span> <span class='ocrx_word' id='word_1_14' title='bbox 2367 594 2551 653; x_wconf 88' lang='lat' dir='ltr'>privato</span> 
     </span>
     <span class='ocr_line' id='line_1_3' title="bbox 571 688 2551 753; baseline 0.002 -17"><span class='ocrx_word' id='word_1_15' title='bbox 571 689 739 746; x_wconf 90' lang='lat' dir='ltr'>studio,</span> <span class='ocrx_word' id='word_1_16' title='bbox 768 690 1113 751; x_wconf 83' lang='lat' dir='ltr'><strong>rempublicam</strong></span> <span class='ocrx_word' id='word_1_17' title='bbox 1147 705 1291 751; x_wconf 89' lang='lat' dir='ltr'>quam</span> <span class='ocrx_word' id='word_1_18' title='bbox 1325 688 1591 753; x_wconf 81' lang='lat' dir='ltr'>susceperat</span> <span class='ocrx_word' id='word_1_19' title='bbox 1615 689 2034 738; x_wconf 89' lang='lat' dir='ltr'>administrandam</span> <span class='ocrx_word' id='word_1_20' title='bbox 2059 692 2276 738; x_wconf 84' lang='lat' dir='ltr'>funditus</span> <span class='ocrx_word' id='word_1_21' title='bbox 2299 699 2551 740; x_wconf 85' lang='lat' dir='ltr'>everteret.</span> 
     </span>
     <span class='ocr_line' id='line_1_4' title="bbox 572 789 2551 853; baseline 0.001 -16"><span class='ocrx_word' id='word_1_22' title='bbox 572 790 651 837; x_wconf 89' lang='lat' dir='ltr'>Ita</span> <span class='ocrx_word' id='word_1_23' title='bbox 667 789 825 837; x_wconf 92' lang='lat' dir='ltr'>secum</span> <span class='ocrx_word' id='word_1_24' title='bbox 848 790 1247 836; x_wconf 84' lang='lat' dir='ltr'>ratiocinabatur:</span> <span class='ocrx_word' id='word_1_25' title='bbox 1272 805 1384 836; x_wconf 93' lang='lat' dir='ltr'>eum</span> <span class='ocrx_word' id='word_1_26' title='bbox 1408 791 1490 851; x_wconf 92' lang='lat' dir='ltr'>qui</span> <span class='ocrx_word' id='word_1_27' title='bbox 1514 791 1632 837; x_wconf 86' lang='lat' dir='ltr'>velit</span> <span class='ocrx_word' id='word_1_28' title='bbox 1655 792 1706 837; x_wconf 93' lang='lat' dir='ltr'>in</span> <span class='ocrx_word' id='word_1_29' title='bbox 1729 791 1880 837; x_wconf 88' lang='lat' dir='ltr'>literis</span> <span class='ocrx_word' id='word_1_30' title='bbox 1903 792 2143 853; x_wconf 84' lang='lat' dir='ltr'>egregiam</span> <span class='ocrx_word' id='word_1_31' title='bbox 2162 806 2337 838; x_wconf 85' lang='lat' dir='ltr'>navare</span> <span class='ocrx_word' id='word_1_32' title='bbox 2360 807 2551 853; x_wconf 87' lang='lat' dir='ltr'>operam</span> 
     </span>
     <span class='ocr_line' id='line_1_5' title="bbox 572 888 2553 952; baseline 0.003 -18"><span class='ocrx_word' id='word_1_33' title='bbox 572 890 728 935; x_wconf 91' lang='lat' dir='ltr'>ocium</span> <span class='ocrx_word' id='word_1_34' title='bbox 773 904 859 950; x_wconf 91' lang='lat' dir='ltr'>per</span> <span class='ocrx_word' id='word_1_35' title='bbox 899 890 1061 935; x_wconf 90' lang='lat' dir='ltr'>omnia</span> <span class='ocrx_word' id='word_1_36' title='bbox 1100 889 1351 950; x_wconf 68' lang='lat' dir='ltr'>compleffl</span> <span class='ocrx_word' id='word_1_37' title='bbox 1392 896 1650 951; x_wconf 90' lang='lat' dir='ltr'>oportere;</span> <span class='ocrx_word' id='word_1_38' title='bbox 1695 889 1744 936; x_wconf 91' lang='lat' dir='ltr'>se</span> <span class='ocrx_word' id='word_1_39' title='bbox 1784 905 1874 936; x_wconf 91' lang='lat' dir='ltr'>nec</span> <span class='ocrx_word' id='word_1_40' title='bbox 1913 888 2040 951; x_wconf 81' lang='lat' dir='ltr'>pofl&#39;e</span> <span class='ocrx_word' id='word_1_41' title='bbox 2083 891 2132 936; x_wconf 93' lang='lat' dir='ltr'>id</span> <span class='ocrx_word' id='word_1_42' title='bbox 2171 890 2422 952; x_wconf 89' lang='lat' dir='ltr'>praestare,</span> <span class='ocrx_word' id='word_1_43' title='bbox 2463 908 2553 939; x_wconf 85' lang='lat' dir='ltr'>nec</span> 
     </span>
     <span class='ocr_line' id='line_1_6' title="bbox 570 984 2554 1049; baseline 0.003 -16"><span class='ocrx_word' id='word_1_44' title='bbox 570 984 823 1034; x_wconf 89' lang='lat' dir='ltr'>honestum</span> <span class='ocrx_word' id='word_1_45' title='bbox 862 987 1080 1034; x_wconf 86' lang='lat' dir='ltr'>futurum</span> <span class='ocrx_word' id='word_1_46' title='bbox 1112 984 1149 1032; x_wconf 91' lang='lat' dir='ltr'><strong>fi</strong></span> <span class='ocrx_word' id='word_1_47' title='bbox 1177 986 1315 1034; x_wconf 91' lang='lat' dir='ltr'>suum</span> <span class='ocrx_word' id='word_1_48' title='bbox 1346 1003 1522 1035; x_wconf 92' lang='lat' dir='ltr'>munus</span> <span class='ocrx_word' id='word_1_49' title='bbox 1555 989 1742 1049; x_wconf 90' lang='lat' dir='ltr'>privato</span> <span class='ocrx_word' id='word_1_50' title='bbox 1777 988 2105 1035; x_wconf 91' lang='lat' dir='ltr'>emolumento</span> <span class='ocrx_word' id='word_1_51' title='bbox 2128 989 2383 1037; x_wconf 86' lang='lat' dir='ltr'>fraudaret.</span> <span class='ocrx_word' id='word_1_52' title='bbox 2453 991 2554 1038; x_wconf 92' lang='lat' dir='ltr'>Ve—</span> 
     </span>
     <span class='ocr_line' id='line_1_7' title="bbox 570 1083 2554 1148; baseline 0.002 -16"><span class='ocrx_word' id='word_1_53' title='bbox 570 1086 735 1133; x_wconf 91' lang='lat' dir='ltr'>niebat</span> <span class='ocrx_word' id='word_1_54' title='bbox 758 1087 905 1133; x_wconf 90' lang='lat' dir='ltr'>etiam</span> <span class='ocrx_word' id='word_1_55' title='bbox 928 1087 977 1132; x_wconf 92' lang='lat' dir='ltr'>in</span> <span class='ocrx_word' id='word_1_56' title='bbox 1002 1092 1218 1133; x_wconf 89' lang='lat' dir='ltr'>mentem</span> <span class='ocrx_word' id='word_1_57' title='bbox 1242 1086 1327 1142; x_wconf 90' lang='lat' dir='ltr'>illi,</span> <span class='ocrx_word' id='word_1_58' title='bbox 1352 1083 1623 1148; x_wconf 89' lang='lat' dir='ltr'>compositis</span> <span class='ocrx_word' id='word_1_59' title='bbox 1656 1093 1904 1147; x_wconf 90' lang='lat' dir='ltr'>utcunque</span> <span class='ocrx_word' id='word_1_60' title='bbox 1933 1087 2089 1141; x_wconf 91' lang='lat' dir='ltr'>rebus,</span> <span class='ocrx_word' id='word_1_61' title='bbox 2113 1088 2162 1133; x_wconf 92' lang='lat' dir='ltr'>id</span> <span class='ocrx_word' id='word_1_62' title='bbox 2185 1089 2313 1148; x_wconf 93' lang='lat' dir='ltr'>quod</span> <span class='ocrx_word' id='word_1_63' title='bbox 2349 1086 2433 1135; x_wconf 90' lang='lat' dir='ltr'>sibi</span> <span class='ocrx_word' id='word_1_64' title='bbox 2458 1105 2554 1135; x_wconf 92' lang='lat' dir='ltr'>non</span> 
     </span>
     <span class='ocr_line' id='line_1_8' title="bbox 571 1183 2555 1247; baseline 0.002 -16"><span class='ocrx_word' id='word_1_65' title='bbox 571 1184 772 1232; x_wconf 76' lang='lat' dir='ltr'>licuisset</span> <span class='ocrx_word' id='word_1_66' title='bbox 794 1201 881 1247; x_wconf 92' lang='lat' dir='ltr'>per</span> <span class='ocrx_word' id='word_1_67' title='bbox 903 1185 1086 1246; x_wconf 85' lang='lat' dir='ltr'>aliquot</span> <span class='ocrx_word' id='word_1_68' title='bbox 1103 1186 1362 1233; x_wconf 91' lang='lat' dir='ltr'>monachos</span> <span class='ocrx_word' id='word_1_69' title='bbox 1379 1184 1427 1232; x_wconf 91' lang='lat' dir='ltr'>se</span> <span class='ocrx_word' id='word_1_70' title='bbox 1446 1186 1620 1232; x_wconf 91' lang='lat' dir='ltr'>deinde</span> <span class='ocrx_word' id='word_1_71' title='bbox 1638 1183 2025 1233; x_wconf 88' lang='lat' dir='ltr'>instauraturum.</span> <span class='ocrx_word' id='word_1_72' title='bbox 2073 1185 2215 1241; x_wconf 84' lang='lat' dir='ltr'>Quod</span> <span class='ocrx_word' id='word_1_73' title='bbox 2234 1189 2380 1234; x_wconf 91' lang='lat' dir='ltr'>etiam</span> <span class='ocrx_word' id='word_1_74' title='bbox 2396 1188 2555 1236; x_wconf 85' lang='lat' dir='ltr'>effecit</span> 
     </span>
     <span class='ocr_line' id='line_1_9' title="bbox 570 1283 2557 1347; baseline 0.002 -17"><span class='ocrx_word' id='word_1_75' title='bbox 570 1291 626 1330; x_wconf 94' lang='lat' dir='ltr'>ut</span> <span class='ocrx_word' id='word_1_76' title='bbox 648 1283 812 1346; x_wconf 91' lang='lat' dir='ltr'>postea</span> <span class='ocrx_word' id='word_1_77' title='bbox 834 1286 1112 1332; x_wconf 89' lang='lat' dir='ltr'>indicamus.</span> <span class='ocrx_word' id='word_1_78' title='bbox 1183 1284 1356 1346; x_wconf 88' lang='lat' dir='ltr'>Itaque</span> <span class='ocrx_word' id='word_1_79' title='bbox 1390 1287 1535 1332; x_wconf 90' lang='lat' dir='ltr'>remis</span> <span class='ocrx_word' id='word_1_80' title='bbox 1558 1292 1608 1332; x_wconf 92' lang='lat' dir='ltr'>et</span> <span class='ocrx_word' id='word_1_81' title='bbox 1632 1285 1751 1332; x_wconf 87' lang='lat' dir='ltr'>velis</span> <span class='ocrx_word' id='word_1_82' title='bbox 1776 1285 1922 1345; x_wconf 93' lang='lat' dir='ltr'>(quod</span> <span class='ocrx_word' id='word_1_83' title='bbox 1946 1286 2102 1347; x_wconf 91' lang='lat' dir='ltr'>aiunt)</span> <span class='ocrx_word' id='word_1_84' title='bbox 2126 1286 2267 1346; x_wconf 89' lang='lat' dir='ltr'>hujus</span> <span class='ocrx_word' id='word_1_85' title='bbox 2291 1286 2383 1333; x_wconf 93' lang='lat' dir='ltr'>loci</span> <span class='ocrx_word' id='word_1_86' title='bbox 2407 1288 2557 1334; x_wconf 90' lang='lat' dir='ltr'>admi-</span> 
     </span>
     <span class='ocr_line' id='line_1_10' title="bbox 571 1380 2553 1446; baseline 0.001 -16"><span class='ocrx_word' id='word_1_87' title='bbox 571 1382 913 1438; x_wconf 89' lang='lat' dir='ltr'>nistrationem,</span> <span class='ocrx_word' id='word_1_88' title='bbox 949 1384 1125 1431; x_wconf 70' lang='lat' dir='ltr'>relictis</span> <span class='ocrx_word' id='word_1_89' title='bbox 1160 1385 1354 1430; x_wconf 92' lang='lat' dir='ltr'>interim</span> <span class='ocrx_word' id='word_1_90' title='bbox 1388 1382 1709 1445; x_wconf 88' lang='lat' dir='ltr'>philosophiae</span> <span class='ocrx_word' id='word_1_91' title='bbox 1744 1380 1922 1437; x_wconf 87' lang='lat' dir='ltr'>studiis,</span> <span class='ocrx_word' id='word_1_92' title='bbox 1956 1380 2191 1446; x_wconf 70' lang='lat' dir='ltr'>aggressus</span> <span class='ocrx_word' id='word_1_93' title='bbox 2226 1381 2322 1439; x_wconf 90' lang='lat' dir='ltr'>est;</span> <span class='ocrx_word' id='word_1_94' title='bbox 2364 1402 2418 1432; x_wconf 90' lang='lat' dir='ltr'>ac</span> <span class='ocrx_word' id='word_1_95' title='bbox 2453 1402 2553 1432; x_wconf 89' lang='lat' dir='ltr'>rem</span> 
     </span>
     <span class='ocr_line' id='line_1_11' title="bbox 570 1482 2554 1545; baseline 0.001 -16"><span class='ocrx_word' id='word_1_96' title='bbox 570 1484 700 1531; x_wconf 91' lang='lat' dir='ltr'>illico</span> <span class='ocrx_word' id='word_1_97' title='bbox 723 1484 1052 1545; x_wconf 88' lang='lat' dir='ltr'>perturbatam</span> <span class='ocrx_word' id='word_1_98' title='bbox 1076 1489 1280 1538; x_wconf 89' lang='lat' dir='ltr'>tentare,</span> <span class='ocrx_word' id='word_1_99' title='bbox 1316 1489 1367 1529; x_wconf 91' lang='lat' dir='ltr'>et</span> <span class='ocrx_word' id='word_1_100' title='bbox 1391 1483 1679 1530; x_wconf 83' lang='lat' dir='ltr'>exulceratis</span> <span class='ocrx_word' id='word_1_101' title='bbox 1713 1483 1855 1529; x_wconf 91' lang='lat' dir='ltr'>rebus</span> <span class='ocrx_word' id='word_1_102' title='bbox 1888 1483 2083 1529; x_wconf 92' lang='lat' dir='ltr'>modum</span> <span class='ocrx_word' id='word_1_103' title='bbox 2115 1483 2323 1544; x_wconf 85' lang='lat' dir='ltr'>aliquem</span> <span class='ocrx_word' id='word_1_104' title='bbox 2348 1482 2554 1532; x_wconf 86' lang='lat' dir='ltr'>statuere</span> 
     </span>
     <span class='ocr_line' id='line_1_12' title="bbox 571 1564 2553 1643; baseline 0.001 -14"><span class='ocrx_word' id='word_1_105' title='bbox 571 1584 845 1630; x_wconf 87' lang='lat' dir='ltr'>conabatur.</span> <span class='ocrx_word' id='word_1_106' title='bbox 916 1582 1024 1637; x_wconf 88' lang='lat' dir='ltr'>Nec</span> <span class='ocrx_word' id='word_1_107' title='bbox 1047 1564 1374 1643; x_wconf 68' lang='lat' dir='ltr'>hespondebat</span> <span class='ocrx_word' id='word_1_108' title='bbox 1409 1584 1635 1636; x_wconf 90' lang='lat' dir='ltr'>animum,</span> <span class='ocrx_word' id='word_1_109' title='bbox 1672 1584 1719 1627; x_wconf 91' lang='lat' dir='ltr'>in</span> <span class='ocrx_word' id='word_1_110' title='bbox 1756 1597 1807 1628; x_wconf 91' lang='lat' dir='ltr'>re</span> <span class='ocrx_word' id='word_1_111' title='bbox 1841 1598 1965 1643; x_wconf 91' lang='lat' dir='ltr'>pene</span> <span class='ocrx_word' id='word_1_112' title='bbox 1999 1583 2300 1637; x_wconf 73' lang='lat' dir='ltr'>intra&amp;abili‚</span> <span class='ocrx_word' id='word_1_113' title='bbox 2336 1584 2553 1630; x_wconf 88' lang='lat' dir='ltr'>futurum</span> 
     </span>
     <span class='ocr_line' id='line_1_13' title="bbox 574 1679 2555 1743; baseline 0.001 -14"><span class='ocrx_word' id='word_1_114' title='bbox 574 1680 851 1729; x_wconf 89' lang='lat' dir='ltr'>existimans</span> <span class='ocrx_word' id='word_1_115' title='bbox 874 1683 934 1728; x_wconf 92' lang='lat' dir='ltr'>de</span> <span class='ocrx_word' id='word_1_116' title='bbox 963 1682 1160 1728; x_wconf 91' lang='lat' dir='ltr'>meliore</span> <span class='ocrx_word' id='word_1_117' title='bbox 1191 1680 1376 1743; x_wconf 89' lang='lat' dir='ltr'>semper</span> <span class='ocrx_word' id='word_1_118' title='bbox 1398 1696 1557 1728; x_wconf 87' lang='lat' dir='ltr'>rerum</span> <span class='ocrx_word' id='word_1_119' title='bbox 1581 1679 1787 1728; x_wconf 80' lang='lat' dir='ltr'>successu</span> <span class='ocrx_word' id='word_1_120' title='bbox 1812 1681 2018 1741; x_wconf 87' lang='lat' dir='ltr'>aliquid:</span> <span class='ocrx_word' id='word_1_121' title='bbox 2054 1682 2175 1728; x_wconf 89' lang='lat' dir='ltr'>nihil</span> <span class='ocrx_word' id='word_1_122' title='bbox 2209 1683 2338 1728; x_wconf 91' lang='lat' dir='ltr'>enim</span> <span class='ocrx_word' id='word_1_123' title='bbox 2363 1683 2555 1730; x_wconf 88' lang='lat' dir='ltr'>videbat</span> 
     </span>
     <span class='ocr_line' id='line_1_14' title="bbox 572 1776 2556 1843; baseline 0.001 -16"><span class='ocrx_word' id='word_1_124' title='bbox 572 1784 623 1827; x_wconf 93' lang='lat' dir='ltr'>in</span> <span class='ocrx_word' id='word_1_125' title='bbox 657 1783 747 1829; x_wconf 88' lang='lat' dir='ltr'>hac</span> <span class='ocrx_word' id='word_1_126' title='bbox 780 1783 883 1828; x_wconf 82' lang='lat' dir='ltr'>vita</span> <span class='ocrx_word' id='word_1_127' title='bbox 920 1782 1035 1827; x_wconf 91' lang='lat' dir='ltr'>boni</span> <span class='ocrx_word' id='word_1_128' title='bbox 1073 1781 1355 1828; x_wconf 87' lang='lat' dir='ltr'>mortalibus</span> <span class='ocrx_word' id='word_1_129' title='bbox 1396 1778 1665 1828; x_wconf 81' lang='lat' dir='ltr'>concessum</span> <span class='ocrx_word' id='word_1_130' title='bbox 1703 1776 1803 1827; x_wconf 88' lang='lat' dir='ltr'>fine</span> <span class='ocrx_word' id='word_1_131' title='bbox 1836 1780 2004 1827; x_wconf 90' lang='lat' dir='ltr'>sudore</span> <span class='ocrx_word' id='word_1_132' title='bbox 2043 1778 2339 1843; x_wconf 80' lang='lat' dir='ltr'>graviffimo3</span> <span class='ocrx_word' id='word_1_133' title='bbox 2385 1789 2436 1829; x_wconf 91' lang='lat' dir='ltr'>et</span> <span class='ocrx_word' id='word_1_134' title='bbox 2470 1781 2556 1829; x_wconf 93' lang='lat' dir='ltr'>usu</span> 
     </span>
     <span class='ocr_line' id='line_1_15' title="bbox 573 1878 2557 1943; baseline 0.001 -17"><span class='ocrx_word' id='word_1_135' title='bbox 573 1883 749 1935; x_wconf 88' lang='lat' dir='ltr'>venire,</span> <span class='ocrx_word' id='word_1_136' title='bbox 787 1886 843 1927; x_wconf 90' lang='lat' dir='ltr'>ut</span> <span class='ocrx_word' id='word_1_137' title='bbox 878 1881 928 1926; x_wconf 94' lang='lat' dir='ltr'>hi</span> <span class='ocrx_word' id='word_1_138' title='bbox 958 1878 1109 1927; x_wconf 90' lang='lat' dir='ltr'>solum</span> <span class='ocrx_word' id='word_1_139' title='bbox 1141 1879 1235 1926; x_wconf 90' lang='lat' dir='ltr'>suis</span> <span class='ocrx_word' id='word_1_140' title='bbox 1275 1881 1396 1926; x_wconf 87' lang='lat' dir='ltr'>votis</span> <span class='ocrx_word' id='word_1_141' title='bbox 1431 1881 1679 1941; x_wconf 90' lang='lat' dir='ltr'>potiantur</span> <span class='ocrx_word' id='word_1_142' title='bbox 1712 1881 1793 1940; x_wconf 94' lang='lat' dir='ltr'>qui</span> <span class='ocrx_word' id='word_1_143' title='bbox 1826 1895 2071 1940; x_wconf 89' lang='lat' dir='ltr'>nunquam</span> <span class='ocrx_word' id='word_1_144' title='bbox 2106 1881 2320 1926; x_wconf 89' lang='lat' dir='ltr'>animum</span> <span class='ocrx_word' id='word_1_145' title='bbox 2369 1882 2429 1928; x_wconf 90' lang='lat' dir='ltr'>ad</span> <span class='ocrx_word' id='word_1_146' title='bbox 2452 1898 2557 1943; x_wconf 86' lang='lat' dir='ltr'>gra-</span> 
     </span>
     <span class='ocr_line' id='line_1_16' title="bbox 574 1954 2555 2040; baseline 0.001 -15"><span class='ocrx_word' id='word_1_147' title='bbox 574 1977 756 2027; x_wconf 86' lang='lat' dir='ltr'>vislima</span> <span class='ocrx_word' id='word_1_148' title='bbox 786 1954 984 2040; x_wconf 45' lang='lat' dir='ltr'>’quoque</span> <span class='ocrx_word' id='word_1_149' title='bbox 1024 1979 1245 2026; x_wconf 90' lang='lat' dir='ltr'>obeunda</span> <span class='ocrx_word' id='word_1_150' title='bbox 1285 1975 1626 2040; x_wconf 89' lang='lat' dir='ltr'>paratiffimum</span> <span class='ocrx_word' id='word_1_151' title='bbox 1667 1976 1964 2033; x_wconf 91' lang='lat' dir='ltr'>remiserint;</span> <span class='ocrx_word' id='word_1_152' title='bbox 2010 1995 2100 2026; x_wconf 93' lang='lat' dir='ltr'>nec</span> <span class='ocrx_word' id='word_1_153' title='bbox 2144 1978 2423 2040; x_wconf 88' lang='lat' dir='ltr'>sperandam</span> <span class='ocrx_word' id='word_1_154' title='bbox 2464 1980 2555 2027; x_wconf 77' lang='lat' dir='ltr'>esse</span> 
     </span>
     <span class='ocr_line' id='line_1_17' title="bbox 574 2077 2555 2141; baseline 0.001 -15"><span class='ocrx_word' id='word_1_155' title='bbox 574 2080 724 2126; x_wconf 91' lang='lat' dir='ltr'>ullam</span> <span class='ocrx_word' id='word_1_156' title='bbox 758 2080 809 2125; x_wconf 93' lang='lat' dir='ltr'>in</span> <span class='ocrx_word' id='word_1_157' title='bbox 835 2078 1022 2125; x_wconf 73' lang='lat' dir='ltr'>sene&amp;a</span> <span class='ocrx_word' id='word_1_158' title='bbox 1045 2078 1445 2138; x_wconf 85' lang='lat' dir='ltr'>tranquillitatem</span> <span class='ocrx_word' id='word_1_159' title='bbox 1468 2079 1512 2123; x_wconf 90' lang='lat' dir='ltr'>ei</span> <span class='ocrx_word' id='word_1_160' title='bbox 1537 2079 1619 2137; x_wconf 91' lang='lat' dir='ltr'>qui</span> <span class='ocrx_word' id='word_1_161' title='bbox 1654 2093 1739 2138; x_wconf 89' lang='lat' dir='ltr'>per</span> <span class='ocrx_word' id='word_1_162' title='bbox 1765 2079 2003 2139; x_wconf 87' lang='lat' dir='ltr'>ignaviam</span> <span class='ocrx_word' id='word_1_163' title='bbox 2026 2077 2248 2125; x_wconf 89' lang='lat' dir='ltr'>honestos</span> <span class='ocrx_word' id='word_1_164' title='bbox 2276 2081 2326 2125; x_wconf 90' lang='lat' dir='ltr'>in</span> <span class='ocrx_word' id='word_1_165' title='bbox 2351 2081 2555 2141; x_wconf 89' lang='lat' dir='ltr'>juventa</span> 
     </span>
     <span class='ocr_line' id='line_1_18' title="bbox 575 2174 2553 2238; baseline 0 -13"><span class='ocrx_word' id='word_1_166' title='bbox 575 2180 760 2226; x_wconf 89' lang='lat' dir='ltr'>labores</span> <span class='ocrx_word' id='word_1_167' title='bbox 782 2176 1014 2238; x_wconf 90' lang='lat' dir='ltr'>suscipere</span> <span class='ocrx_word' id='word_1_168' title='bbox 1049 2174 1284 2223; x_wconf 89' lang='lat' dir='ltr'>recusarit.</span> <span class='ocrx_word' id='word_1_169' title='bbox 1357 2174 1466 2222; x_wconf 88' lang='lat' dir='ltr'>Istis</span> <span class='ocrx_word' id='word_1_170' title='bbox 1490 2182 1539 2222; x_wconf 92' lang='lat' dir='ltr'>et</span> <span class='ocrx_word' id='word_1_171' title='bbox 1563 2175 1668 2222; x_wconf 89' lang='lat' dir='ltr'>aliis</span> <span class='ocrx_word' id='word_1_172' title='bbox 1703 2176 1900 2222; x_wconf 86' lang='lat' dir='ltr'>infinitis</span> <span class='ocrx_word' id='word_1_173' title='bbox 1935 2174 2324 2237; x_wconf 90' lang='lat' dir='ltr'>persuasionibus,</span> <span class='ocrx_word' id='word_1_174' title='bbox 2360 2179 2419 2225; x_wconf 90' lang='lat' dir='ltr'>ad</span> <span class='ocrx_word' id='word_1_175' title='bbox 2454 2195 2553 2225; x_wconf 86' lang='lat' dir='ltr'>rem</span> 
     </span>
     <span class='ocr_line' id='line_1_19' title="bbox 575 2275 1698 2340; baseline -0.004 -15"><span class='ocrx_word' id='word_1_176' title='bbox 575 2280 700 2325; x_wconf 92' lang='lat' dir='ltr'>bene</span> <span class='ocrx_word' id='word_1_177' title='bbox 722 2278 979 2340; x_wconf 88' lang='lat' dir='ltr'>gerendam</span> <span class='ocrx_word' id='word_1_178' title='bbox 1003 2291 1155 2322; x_wconf 86' lang='lat' dir='ltr'>novus</span> <span class='ocrx_word' id='word_1_179' title='bbox 1178 2276 1324 2323; x_wconf 89' lang='lat' dir='ltr'>abbas</span> <span class='ocrx_word' id='word_1_180' title='bbox 1347 2275 1698 2336; x_wconf 88' lang='lat' dir='ltr'>impellebatur.</span> 
     </span>
    </p>

    <p class='ocr_par' dir='ltr' id='par_1_3' title="bbox 576 2372 2556 2723">
     <span class='ocr_line' id='line_1_20' title="bbox 643 2372 2556 2439; baseline 0.001 -16"><span class='ocrx_word' id='word_1_181' title='bbox 643 2378 788 2423; x_wconf 89' lang='lat' dir='ltr'>Anno</span> <span class='ocrx_word' id='word_1_182' title='bbox 822 2378 969 2439; x_wconf 90' lang='lat' dir='ltr'>igitur</span> <span class='ocrx_word' id='word_1_183' title='bbox 1002 2377 1239 2422; x_wconf 85' lang='lat' dir='ltr'>humanae</span> <span class='ocrx_word' id='word_1_184' title='bbox 1273 2373 1438 2421; x_wconf 89' lang='lat' dir='ltr'>salutis</span> <span class='ocrx_word' id='word_1_185' title='bbox 1471 2372 1722 2421; x_wconf 90' lang='lat' dir='ltr'>millesimo</span> <span class='ocrx_word' id='word_1_186' title='bbox 1757 2374 2222 2436; x_wconf 84' lang='lat' dir='ltr'>quadringentesimo</span> <span class='ocrx_word' id='word_1_187' title='bbox 2253 2375 2556 2439; x_wconf 83' lang='lat' dir='ltr'>nonagesimo</span> 
     </span>
     <span class='ocr_line' id='line_1_21' title="bbox 577 2472 2555 2535; baseline 0.001 -12"><span class='ocrx_word' id='word_1_188' title='bbox 577 2493 716 2531; x_wconf 90' lang='lat' dir='ltr'>nono,</span> <span class='ocrx_word' id='word_1_189' title='bbox 741 2477 897 2522; x_wconf 88' lang='lat' dir='ltr'>idibus</span> <span class='ocrx_word' id='word_1_190' title='bbox 920 2475 1150 2528; x_wconf 90' lang='lat' dir='ltr'>Januarii,</span> <span class='ocrx_word' id='word_1_191' title='bbox 1178 2472 1412 2521; x_wconf 90' lang='lat' dir='ltr'>summam</span> <span class='ocrx_word' id='word_1_192' title='bbox 1436 2475 1650 2519; x_wconf 91' lang='lat' dir='ltr'>omnium</span> <span class='ocrx_word' id='word_1_193' title='bbox 1685 2475 1735 2520; x_wconf 92' lang='lat' dir='ltr'>in</span> <span class='ocrx_word' id='word_1_194' title='bbox 1770 2473 1959 2535; x_wconf 83' lang='lat' dir='ltr'>Kynlos</span> <span class='ocrx_word' id='word_1_195' title='bbox 1990 2473 2449 2523; x_wconf 89' lang='lat' dir='ltr'>administrationem</span> <span class='ocrx_word' id='word_1_196' title='bbox 2473 2480 2555 2525; x_wconf 92' lang='lat' dir='ltr'>ubi</span> 
     </span>
     <span class='ocr_line' id='line_1_22' title="bbox 577 2572 2555 2637; baseline 0.001 -13"><span class='ocrx_word' id='word_1_197' title='bbox 577 2574 827 2637; x_wconf 79' lang='lat' dir='ltr'>accepisset</span> <span class='ocrx_word' id='word_1_198' title='bbox 860 2575 1066 2621; x_wconf 82' lang='lat' dir='ltr'>Thomas</span> <span class='ocrx_word' id='word_1_199' title='bbox 1100 2574 1259 2628; x_wconf 90' lang='lat' dir='ltr'>abbas,</span> <span class='ocrx_word' id='word_1_200' title='bbox 1287 2574 1390 2635; x_wconf 85' lang='lat' dir='ltr'>jam</span> <span class='ocrx_word' id='word_1_201' title='bbox 1421 2579 1527 2620; x_wconf 92' lang='lat' dir='ltr'>tum</span> <span class='ocrx_word' id='word_1_202' title='bbox 1559 2588 1669 2619; x_wconf 93' lang='lat' dir='ltr'>cum</span> <span class='ocrx_word' id='word_1_203' title='bbox 1706 2572 1981 2620; x_wconf 88' lang='lat' dir='ltr'>adversariis</span> <span class='ocrx_word' id='word_1_204' title='bbox 2017 2575 2076 2621; x_wconf 89' lang='lat' dir='ltr'>de</span> <span class='ocrx_word' id='word_1_205' title='bbox 2111 2572 2380 2623; x_wconf 87' lang='lat' dir='ltr'>monasterii</span> <span class='ocrx_word' id='word_1_206' title='bbox 2415 2579 2555 2625; x_wconf 90' lang='lat' dir='ltr'>rebus</span> 
     </span>
     <span class='ocr_line' id='line_1_23' title="bbox 576 2674 1339 2723; baseline -0.007 0"><span class='ocrx_word' id='word_1_207' title='bbox 576 2675 809 2723; x_wconf 88' lang='lat' dir='ltr'>summam</span> <span class='ocrx_word' id='word_1_208' title='bbox 833 2674 1194 2721; x_wconf 88' lang='lat' dir='ltr'>contentionem</span> <span class='ocrx_word' id='word_1_209' title='bbox 1217 2674 1339 2719; x_wconf 90' lang='lat' dir='ltr'>iniit.</span> 
     </span>
    </p>

    <p class='ocr_par' dir='ltr' id='par_1_4' title="bbox 581 2770 2557 3230">
     <span class='ocr_line' id='line_1_24' title="bbox 646 2770 2556 2836; baseline 0.001 -14"><span class='ocrx_word' id='word_1_210' title='bbox 646 2775 886 2836; x_wconf 90' lang='lat' dir='ltr'>Oppidani</span> <span class='ocrx_word' id='word_1_211' title='bbox 921 2774 1051 2819; x_wconf 91' lang='lat' dir='ltr'>enim</span> <span class='ocrx_word' id='word_1_212' title='bbox 1086 2788 1115 2819; x_wconf 89' lang='lat' dir='ltr'>a</span> <span class='ocrx_word' id='word_1_213' title='bbox 1150 2770 1328 2826; x_wconf 90' lang='lat' dir='ltr'>Foress‚</span> <span class='ocrx_word' id='word_1_214' title='bbox 1369 2770 1714 2818; x_wconf 91' lang='lat' dir='ltr'>consuetudine</span> <span class='ocrx_word' id='word_1_215' title='bbox 1750 2772 1954 2832; x_wconf 88' lang='lat' dir='ltr'>quadam</span> <span class='ocrx_word' id='word_1_216' title='bbox 1991 2771 2274 2834; x_wconf 88' lang='lat' dir='ltr'>usurpatitia</span> <span class='ocrx_word' id='word_1_217' title='bbox 2312 2777 2471 2836; x_wconf 88' lang='lat' dir='ltr'>potius</span> <span class='ocrx_word' id='word_1_218' title='bbox 2507 2784 2556 2823; x_wconf 90' lang='lat' dir='ltr'>et</span> 
     </span>
     <span class='ocr_line' id='line_1_25' title="bbox 581 2868 2555 2936; baseline 0 -15"><span class='ocrx_word' id='word_1_219' title='bbox 581 2875 731 2921; x_wconf 88' lang='lat' dir='ltr'>veluti</span> <span class='ocrx_word' id='word_1_220' title='bbox 773 2871 1144 2934; x_wconf 88' lang='lat' dir='ltr'>praescriptione</span> <span class='ocrx_word' id='word_1_221' title='bbox 1179 2885 1320 2931; x_wconf 91' lang='lat' dir='ltr'>quam</span> <span class='ocrx_word' id='word_1_222' title='bbox 1354 2871 1465 2931; x_wconf 87' lang='lat' dir='ltr'>jure</span> <span class='ocrx_word' id='word_1_223' title='bbox 1504 2870 1677 2930; x_wconf 91' lang='lat' dir='ltr'>aliqu0,</span> <span class='ocrx_word' id='word_1_224' title='bbox 1713 2868 1979 2916; x_wconf 92' lang='lat' dir='ltr'>salmonum</span> <span class='ocrx_word' id='word_1_225' title='bbox 2013 2869 2293 2932; x_wconf 87' lang='lat' dir='ltr'>piscationes</span> <span class='ocrx_word' id='word_1_226' title='bbox 2333 2875 2383 2920; x_wconf 91' lang='lat' dir='ltr'>in</span> <span class='ocrx_word' id='word_1_227' title='bbox 2423 2878 2555 2936; x_wconf 90' lang='lat' dir='ltr'>aquis</span> 
     </span>
     <span class='ocr_line' id='line_1_26' title="bbox 581 2968 2557 3032; baseline -0.001 -11"><span class='ocrx_word' id='word_1_228' title='bbox 581 2973 799 3021; x_wconf 89' lang='lat' dir='ltr'>aestuarii</span> <span class='ocrx_word' id='word_1_229' title='bbox 823 2972 1063 3019; x_wconf 90' lang='lat' dir='ltr'>Finderne</span> <span class='ocrx_word' id='word_1_230' title='bbox 1085 2977 1204 3017; x_wconf 89' lang='lat' dir='ltr'>tunc</span> <span class='ocrx_word' id='word_1_231' title='bbox 1227 2971 1456 3031; x_wconf 90' lang='lat' dir='ltr'>temporis</span> <span class='ocrx_word' id='word_1_232' title='bbox 1473 2968 1777 3031; x_wconf 88' lang='lat' dir='ltr'>usurpabant.</span> <span class='ocrx_word' id='word_1_233' title='bbox 1808 2975 1811 2977; x_wconf 83' lang='grc'><strong>’</strong></span> <span class='ocrx_word' id='word_1_234' title='bbox 1830 2970 1955 3016; x_wconf 85' lang='lat' dir='ltr'>Cum</span> <span class='ocrx_word' id='word_1_235' title='bbox 1978 2971 2052 3017; x_wconf 90' lang='lat' dir='ltr'>his</span> <span class='ocrx_word' id='word_1_236' title='bbox 2074 2973 2275 3032; x_wconf 89' lang='lat' dir='ltr'>primam</span> <span class='ocrx_word' id='word_1_237' title='bbox 2293 2971 2423 3020; x_wconf 87' lang='lat' dir='ltr'>suam</span> <span class='ocrx_word' id='word_1_238' title='bbox 2442 2975 2557 3020; x_wconf 89' lang='lat' dir='ltr'>veli-</span> 
     </span>
     <span class='ocr_line' id='line_1_27' title="bbox 581 3065 2555 3131; baseline -0.001 -12"><span class='ocrx_word' id='word_1_239' title='bbox 581 3074 815 3120; x_wconf 86' lang='lat' dir='ltr'>tationem</span> <span class='ocrx_word' id='word_1_240' title='bbox 837 3077 976 3118; x_wconf 92' lang='lat' dir='ltr'>tanta</span> <span class='ocrx_word' id='word_1_241' title='bbox 998 3070 1289 3116; x_wconf 84' lang='lat' dir='ltr'>dexteritate</span> <span class='ocrx_word' id='word_1_242' title='bbox 1312 3065 1559 3123; x_wconf 79' lang='lat' dir='ltr'>commisit,</span> <span class='ocrx_word' id='word_1_243' title='bbox 1579 3074 1634 3115; x_wconf 91' lang='lat' dir='ltr'>ut</span> <span class='ocrx_word' id='word_1_244' title='bbox 1652 3069 1963 3129; x_wconf 90' lang='lat' dir='ltr'>quadriennio</span> <span class='ocrx_word' id='word_1_245' title='bbox 1986 3067 2102 3131; x_wconf 89' lang='lat' dir='ltr'>post,</span> <span class='ocrx_word' id='word_1_246' title='bbox 2127 3086 2223 3116; x_wconf 93' lang='lat' dir='ltr'>non</span> <span class='ocrx_word' id='word_1_247' title='bbox 2246 3078 2555 3118; x_wconf 90' lang='lat' dir='ltr'>contemnen-</span> 
     </span>
     <span class='ocr_line' id='line_1_28' title="bbox 584 3167 2553 3230; baseline -0.001 -12"><span class='ocrx_word' id='word_1_248' title='bbox 584 3173 693 3218; x_wconf 89' lang='lat' dir='ltr'>dam</span> <span class='ocrx_word' id='word_1_249' title='bbox 712 3171 954 3217; x_wconf 73' lang='lat' dir='ltr'>vi&amp;oriam</span> <span class='ocrx_word' id='word_1_250' title='bbox 989 3169 1268 3230; x_wconf 91' lang='lat' dir='ltr'>reportarit:</span> <span class='ocrx_word' id='word_1_251' title='bbox 1305 3173 1368 3222; x_wconf 93' lang='lat' dir='ltr'>et,</span> <span class='ocrx_word' id='word_1_252' title='bbox 1393 3182 1455 3214; x_wconf 90' lang='lat' dir='ltr'>ne</span> <span class='ocrx_word' id='word_1_253' title='bbox 1478 3167 1732 3227; x_wconf 90' lang='lat' dir='ltr'>aliquando</span> <span class='ocrx_word' id='word_1_254' title='bbox 1756 3168 1999 3214; x_wconf 88' lang='lat' dir='ltr'>excideret</span> <span class='ocrx_word' id='word_1_255' title='bbox 2034 3175 2200 3215; x_wconf 89' lang='lat' dir='ltr'>tantae</span> <span class='ocrx_word' id='word_1_256' title='bbox 2221 3170 2290 3215; x_wconf 92' lang='lat' dir='ltr'>rei</span> <span class='ocrx_word' id='word_1_257' title='bbox 2313 3173 2553 3225; x_wconf 89' lang='lat' dir='ltr'>memoria,</span> 
     </span>
    </p>
   </div>
   <div class='ocr_carea' id='block_1_3' title="bbox 584 3265 2554 3331">
    <p class='ocr_par' dir='ltr' id='par_1_5' title="bbox 584 3265 2554 3331">
     <span class='ocr_line' id='line_1_29' title="bbox 584 3265 2554 3331; baseline 0 -15"><span class='ocrx_word' id='word_1_258' title='bbox 584 3270 674 3324; x_wconf 85' lang='lat' dir='ltr'>vel,</span> <span class='ocrx_word' id='word_1_259' title='bbox 693 3275 880 3316; x_wconf 91' lang='lat' dir='ltr'>mutata</span> <span class='ocrx_word' id='word_1_260' title='bbox 893 3267 1029 3322; x_wconf 91' lang='lat' dir='ltr'>sorte,</span> <span class='ocrx_word' id='word_1_261' title='bbox 1046 3265 1294 3314; x_wconf 88' lang='lat' dir='ltr'>adversarii</span> <span class='ocrx_word' id='word_1_262' title='bbox 1310 3281 1482 3313; x_wconf 88' lang='lat' dir='ltr'>novam</span> <span class='ocrx_word' id='word_1_263' title='bbox 1496 3266 1634 3312; x_wconf 91' lang='lat' dir='ltr'>litem</span> <span class='ocrx_word' id='word_1_264' title='bbox 1649 3267 1970 3322; x_wconf 90' lang='lat' dir='ltr'>intenderent,</span> <span class='ocrx_word' id='word_1_265' title='bbox 1986 3267 2126 3328; x_wconf 89' lang='lat' dir='ltr'>hujus</span> <span class='ocrx_word' id='word_1_266' title='bbox 2141 3268 2343 3315; x_wconf 86' lang='lat' dir='ltr'>foederis</span> <span class='ocrx_word' id='word_1_267' title='bbox 2358 3268 2487 3331; x_wconf 87' lang='lat' dir='ltr'>leges</span> <span class='ocrx_word' id='word_1_268' title='bbox 2507 3273 2554 3316; x_wconf 87' lang='lat' dir='ltr'>in</span> 
     </span>
    </p>
   </div>
  </div>
 </body>
</html>
