2938 3762
551 452 611 497 64
1186 446 1517 495 HISTORIA
1556 446 1898 493 ABBATUM

546 579 839 643 profeflionis
861 578 1090 627 institutis
1105 580 1301 640 juravit.
1342 578 1373 625 J
1377 593 1455 625 am
1479 579 1630 625 factus
1652 593 1777 624 unus
1794 577 2070 632 sodalitatis,
2089 578 2309 625 dominus
2326 578 2531 626 Thomas

549 682 610 727 ab
634 681 857 728 omnibus
889 680 1167 739 nuncupari,
1203 684 1255 724 et
1288 678 1442 724 indies
1476 678 1628 739 magis
1657 693 1714 724 ac
1747 678 1899 738 magis
1931 674 2133 739 graffari,
2157 683 2213 724 ut
2235 675 2305 724 sui
2328 675 2535 725 instituti

549 781 783 841 penitiora
816 793 912 824 non
946 775 1098 824 solum
1127 777 1422 840 intelligeret
1445 777 1525 824 sed
1550 778 1695 823 etiam
1720 774 2004 823 observaret.
2075 776 2154 823 Ita
2183 776 2430 838 plerosque
2451 776 2534 824 sua

550 875 781 924 modestia
814 884 864 924 et
899 877 1149 939 vigilantia
1188 878 1247 924 ad
1281 878 1408 924 bene
1443 878 1680 936 beateque
1715 876 1973 922 vivendum
2015 877 2259 923 excitavit.
2339 876 2535 923 Interea

548 978 694 1024 abbas
714 976 789 1036 (ut
812 977 902 1038 fit),
929 977 1124 1039 cognita
1146 977 1328 1023 domini
1351 976 1563 1022 Thomae
1587 976 1637 1020 in
1660 971 1855 1036 fingulis
1878 976 2150 1031 acrimonia,
2174 991 2286 1022 eum
2310 992 2406 1022 non
2429 992 2535 1023 raro

549 1076 607 1123 ad
632 1091 732 1122 rem
755 1077 1015 1138 gerendam
1040 1076 1268 1123 admovit.
1338 1075 1454 1137 Egit
1478 1075 1562 1121 ille
1579 1071 1894 1120 strenuiffime
1910 1075 1961 1120 in
1979 1075 2213 1129 omnibus,
2232 1081 2289 1121 ιιι
2303 1075 2406 1135 jam
2429 1081 2534 1121 tum

550 1177 598 1221 in
622 1173 995 1224 administranda
1016 1173 1288 1222 monasterii
1312 1175 1558 1236 republica.
1579 1191 1674 1223 non
1701 1178 1894 1237 ineptus
1917 1177 2067 1223 videri
2091 1173 2253 1237 pofl'et.

617 1272 729 1320 Post
762 1275 1012 1336 paululum
1037 1290 1149 1322 vero
1179 1276 1410 1336 temporis
1434 1275 1509 1334 (ut
1533 1291 1608 1322 res
1631 1274 1741 1321 sunt
1765 1275 2042 1322 mortalium
2070 1277 2281 1339 fragiles)
2317 1278 2537 1323 dominus

550 1374 696 1420 abbas
718 1375 772 1428 is,
796 1389 826 1420 a
847 1389 942 1434 quo
966 1374 1124 1421 sacrae
1157 1374 1376 1436 religioni
1412 1375 1569 1421 fuerat
1599 1376 1830 1428 initiatuS,
1862 1375 1963 1421 fato
1987 1373 2227 1422 conceffit.
2296 1376 2355 1422 In
2379 1377 2538 1423 locum

551 1473 790 1519 demortui
813 1472 1084 1535 surrogatus
1108 1471 1178 1520 est
1202 1475 1273 1519 vir
1295 1488 1393 1519 non
1416 1473 1641 1535 ignobilis
1675 1474 1896 1520 dominus
1921 1473 2196 1525 Gulielmus
2219 1482 2538 1537 cognomento

552 1571 780 1627 Culross3
827 1574 908 1632 qui
948 1573 1009 1619 ab
1049 1574 1248 1619 ineunte
1288 1578 1455 1619 aetate
1486 1573 1734 1618 dom-inum
1774 1572 2007 1619 Thomam
2053 1575 2312 1621 tenerrime
2353 1575 2538 1621 dilexit.

551 1671 707 1718 Tanto
742 1673 889 1734 igitur
911 1678 962 1718 et
985 1670 1222 1732 insperato
1257 1671 1409 1717 fultus
1443 1669 1688 1733 praefidio,
1713 1672 1763 1718 in
1786 1673 2080 1734 gravioribus
2114 1673 2257 1720 rebus
2285 1674 2542 1720 tra&andis

553 1787 650 1818 non
696 1771 953 1818 infeliciter
991 1771 1249 1832 periclitari
1295 1772 1486 1832 coepit3
1533 1777 1584 1817 et
1629 1771 1750 1818 nihil
1797 1771 1948 1818 ferme
1990 1787 2202 1833 unquam
2242 1771 2312 1819 est
2349 1773 2543 1819 adortus

554 1871 636 1917 ubi
672 1871 914 1917 fortunam
948 1886 1046 1916 non
1079 1871 1381 1917 adinvenerit
1414 1868 1770 1919 secundantem.
1842 1870 1921 1917 Ita
1953 1886 2029 1918 res
2062 1872 2383 1918 intricatiores
2417 1873 2543 1933 apud

553 1959 832 2031 Strathila’y,
857 1975 908 2016 et
932 1965 1179 2016 ecclefiam
1210 1969 1271 2015 ab
1296 1968 1472 2015 Ellone
1495 1967 1702 2016 studiose
1736 1969 2009 2030 explicavit,
2045 1976 2103 2016 ut
2136 1971 2365 2031 majorem
2401 1986 2543 2031 quam

556 2085 770 2130 unquam
806 2074 950 2115 antea
984 2069 1109 2130 apud
1144 2083 1323 2114 novum
1357 2083 1414 2114 eo
1449 2075 1674 2129 tempore¹
1701 2069 1925 2115 abbatem
1961 2070 2210 2116 dominum
2245 2069 2543 2117 Gulielmum

557 2166 640 2215 fibi
667 2168 938 2216 conciliarit
960 2167 1361 2214 benevolentiam.
1416 2167 1637 2222 Proinde,
1662 2168 1722 2214 ab
1746 2183 1803 2213 eo
1828 2168 1905 2214 die
1929 2169 2010 2214 vix
2035 2169 2295 2229 quidquam
2318 2170 2546 2231 gravioris

560 2270 715 2330 operis
746 2268 943 2315 molitus
977 2265 1048 2314 est
1078 2268 1237 2321 abbas,
1273 2268 1322 2313 in
1347 2283 1441 2328 quo
1473 2265 1710 2315 censendo
1745 2267 1967 2313 dominus
2000 2267 2206 2314 Thomas
2239 2269 2415 2329 primas
2448 2283 2546 2314 non

561 2368 742 2414 tulerit.
813 2356 990 2427 Neque
1014 2364 1222 2412 obscuris
1256 2367 1565 2428 argumentis,
1591 2366 1694 2426 jam
1718 2364 1829 2421 sese,
1865 2365 2087 2426 quorsum
2122 2366 2409 2414 inclinatura
2431 2365 2546 2414 esset

564 2482 651 2521 res,
682 2467 927 2528 prodebat.
1001 2464 1130 2513 Nam
1166 2465 1439 2513 Gulielmus
1471 2466 1617 2513 abbas
1650 2466 1779 2512 mole
1813 2467 2021 2528 corporis
2053 2473 2292 2529 gravatus,
2317 2474 2374 2514 ut
2395 2469 2549 2529 impar

564 2564 680 2612 ess'et
707 2567 839 2612 oneri
875 2565 1084 2620 ferendo,
1119 2567 1170 2611 in
1201 2566 1494 2612 nominando
1527 2563 1756 2613 sucessore
1790 2571 1923 2612 totus
1958 2571 2074 2612 erat.
2146 2566 2244 2612 Res
2278 2566 2551 2613 versabatur

567 2667 617 2711 in
651 2665 888 2726 ambiguo,
930 2679 1075 2724 quem
1113 2661 1407 2725 potiffimum
1450 2664 1697 2726 deligeret.
1774 2664 2003 2719 Primum,
2047 2665 2390 2712 adhortabatur
2423 2667 2551 2712 vitae

567 2763 855 2818 institutum,
901 2769 958 2809 ut
1002 2764 1231 2810 canonice
1277 2779 1305 2810 e
1348 2762 1611 2810 senioribus
1656 2779 1807 2810 unum
1853 2765 2153 2810 nominaret:
2199 2762 2280 2810 sed
2326 2766 2399 2810 vir
2441 2781 2551 2826 pru-

570 2864 699 2917 dens,
736 2878 845 2909 cum
880 2862 1246 2909 inidoneitatem
1270 2863 1328 2908 ad
1353 2877 1454 2908 rem
1490 2867 1676 2908 tantam
1710 2860 2031 2909 sustinendam
2065 2864 2280 2908 omnium
2314 2861 2550 2909 seniorum

572 2963 770 3009 haberet
802 2961 1108 3023 perspe&am,
1133 2967 1184 3008 et
1215 2958 1551 3008 monasterium
1587 2960 1906 3022 dilapidatum·
1925 2962 1984 3007 iri
2008 2959 2258 3008 clariffime
2280 2962 2477 3016 videret,
2501 2963 2551 3007 in

575 3062 821 3107 dominum
851 3061 1084 3107 Thomam
1119 3060 1281 3108 oculos
1316 3062 1567 3107 convertit.
1637 3060 1899 3107 Adornatis
1921 3062 2086 3121 itaque
2109 3061 2329 3108 omnibus
2351 3062 2401 3106 in
2423 3061 2552 3107 hunc

576 3159 711 3206 usum
746 3158 1022 3215 neeess'ariis‚
1064 3175 1166 3206 rem
1206 3158 1558 3222 transigendam
1606 3159 1791 3206 Romae
1831 3158 2099 3206 destinavit.
2167 3159 2245 3206 Ac
2282 3158 2554 3205 volentibus

579 3259 787 3319 Superis,
814 3274 952 3318 quam
990 3255 1363 3305 commodiflime
1400 3258 1622 3304 obvenit:
1664 3257 2023 3317 comprobatum
2049 3254 2118 3303 est
2148 3257 2275 3302 enim
2302 3257 2553 3316 negocium
