2938 3762
597 458 657 501 80
1225 450 1556 500 HISTORIA
1592 450 1936 498 ABBATUM

594 600 760 645 parum
797 585 935 645 frugi,
972 589 1022 629 et
1057 584 1106 628 in
1141 582 1342 644 Regem,
1377 588 1434 628 ut
1468 582 1644 636 ferunt,
1680 582 1955 630 clanculum
1990 580 2246 630 seditiones
2282 583 2576 641 molientem,

591 685 781 745 propria
803 683 1038 743 dignitate
1062 682 1200 727 exuit
1223 683 1477 743 coegitque
1501 682 1551 727 in
1574 679 1913 728 monasterium
1937 698 1966 729 a
1989 681 2149 743 Cupro
2172 684 2390 745 migrare.

662 782 719 827 In
743 781 990 827 literarum
1022 777 1189 826 studiis
1223 781 1448 840 quoniam
1473 779 1543 826 illi
1568 795 1664 828 non
1690 781 1827 827 licuit
1850 786 1907 827 ut
1930 779 2070 843 supra
2093 782 2343 830 docuimus
2366 798 2395 829 a
2416 783 2579 829 multi-

593 882 760 927 tudine
783 886 834 927 et
858 880 1000 927 turba
1033 881 1339 941 negociorum
1366 879 1550 934 versari,
1576 881 1802 941 quicquid
1837 882 2022 942 accepit
2053 881 2214 928 damni
2239 882 2290 928 in
2314 897 2410 928 uno
2433 889 2578 943 atque

592 980 744 1027 altero
768 980 1111 1050 monachorum
1145 976 1314 1026 sarcire
1350 980 1548 1026 curavit.
1618 978 1679 1025 In
1703 981 1868 1040 primis
1900 980 2150 1027 dominum
2172 980 2410 1029 Jacobum
2436 981 2577 1035 Pont,

593 1063 850 1125 studiosum
886 1084 1057 1140 utpote
1091 1079 1349 1132 hominem,
1386 1078 1688 1125 Aberdonias
1712 1080 1762 1125 in
1787 1079 1987 1125 fratrum
2022 1080 2404 1140 praedicatorum
2435 1080 2579 1127 colle-

591 1180 724 1240 gium
771 1178 1074 1225 formandum
1114 1176 1357 1238 literisque
1403 1178 1714 1224 divinioribus
1759 1178 2073 1227 imbuendum
2121 1177 2389 1226 transmifit.
2460 1179 2578 1226 Erat

595 1285 700 1324 tum
724 1279 952 1339 temporis
970 1279 1020 1323 in
1040 1293 1097 1323 eo
1115 1277 1220 1324 loco
1246 1279 1316 1323 vir
1338 1278 1445 1338 pius
1469 1277 1617 1324 frater
1639 1276 1671 1323 J
1674 1292 1853 1324 oannes
1872 1276 2064 1332 Adami,
2090 1278 2377 1325 dominicani
2402 1279 2579 1325 ordinis

594 1380 644 1423 in
670 1377 836 1425 Scotia
869 1378 1045 1438 primas
1070 1383 1120 1423 et
1156 1376 1427 1438 theologiae
1463 1373 1767 1423 scholasticae
1802 1377 1966 1423 (1οᾶοῐ
1987 1375 2196 1439 infignis,
2232 1379 2369 1424 cuius
2392 1378 2582 1424 auditor

595 1491 895 1537 nequaquam
930 1477 1122 1537 ineptus
1157 1476 1249 1521 fuit
1284 1476 1505 1521 dominus
1538 1474 1763 1522 Jacobus.
1834 1474 1932 1522 Ubi
1967 1474 2219 1537 accepisset
2258 1476 2403 1524 abbas
2443 1477 2579 1522 illum

595 1576 835 1635 proficere,
859 1590 956 1620 non
980 1574 1135 1620 multo
1158 1571 1263 1635 post
1286 1573 1493 1620 alterum
1526 1570 1742 1620 fimiliter
1775 1575 2064 1620 monachum
2088 1575 2148 1621 ad
2172 1574 2335 1622 literas
2369 1574 2581 1636 apposite

595 1680 763 1719 natum
788 1675 865 1719 cui
888 1688 1065 1719 nomen
1089 1670 1159 1719 est
1184 1673 1377 1718 domino
1403 1671 1625 1718 Waltero
1650 1671 1865 1726 Hethon,
1891 1673 2058 1719 eadem
2082 1688 2196 1720 cura
2217 1671 2579 1729 instituendum,

596 1789 652 1819 eo
671 1772 938 1819 destinavit.
998 1769 1256 1832 Postquam
1274 1772 1508 1832 comperit
1525 1771 1671 1818 abbas
1688 1777 1934 1832 utcunque
1949 1773 1998 1817 in
2017 1771 2111 1818 illis
2128 1772 2279 1819 literis
2296 1771 2584 1820 sufficienter

595 1868 887 1933 promovisse,
912 1877 968 1918 ut
994 1872 1096 1932 jam
1119 1868 1268 1932 poss'et
1293 1877 1497 1931 uterque
1528 1871 1656 1917 domi
1682 1867 1916 1917 studendo
1939 1876 1990 1918 et
2014 1871 2230 1918 docendo
2252 1887 2338 1933 per
2359 1871 2407 1919 se
2429 1875 2583 1935 gravi-

597 1989 678 2018 ora
697 1950 849 2018 indies
867 1969 1163 2033 cognoscere,
1182 1971 1242 2017 ad
1261 1967 1600 2017 monasterium
1619 1971 1783 2017 ambos
1801 1972 2057 2018 revocavit.
2117 1970 2355 2018 Dominus
2372 1971 2405 2019 J
2407 1974 2582 2020 aeobus

597 2070 808 2125 subinde,
850 2070 1033 2130 aliquot
1067 2086 1129 2116 ex
1160 2070 1434 2130 junioribus
1473 2070 1699 2116 fratribus
1737 2070 1868 2116 domi
1903 2071 1954 2115 in
1989 2070 2205 2117 diatribis
2245 2086 2341 2117 non
2375 2070 2583 2134 segniter

598 2167 885 2216 scholasticis
919 2171 1166 2223 exercuit3
1213 2169 1406 2216 domino
1441 2174 1605 2215 autem
1642 2167 1864 2214 Waltero
1899 2165 2032 2215 ceffit
2068 2171 2274 2216 cantoris
2311 2171 2441 2217 chori
2477 2187 2585 2232 pro-

600 2270 756 2315 vincia
786 2284 928 2329 quam
953 2270 1099 2315 etiam
1123 2265 1282 2314 nostro
1304 2273 1522 2328 tempore
1544 2268 1736 2313 retinet.
1808 2266 2028 2328 Uterque
2052 2268 2218 2322 bonus,
2244 2275 2294 2315 et
2317 2267 2583 2316 nostrorum

601 2364 706 2425 (nifi
730 2367 854 2414 fallit
878 2369 1057 2429 opinio)
1083 2364 1347 2413 studiorum
1369 2381 1467 2412 non
1491 2366 1680 2412 fucatus
1704 2366 1976 2412 admirator.

666 2466 763 2513 Sed
794 2469 897 2528 jam
931 2468 992 2514 ad
1027 2467 1272 2512 dominum
1308 2465 1532 2512 abbatem
1567 2480 1772 2525 aequum
1817 2462 1886 2511 est
1926 2480 2012 2512 nos
2053 2467 2220 2513 redire.
2291 2466 2351 2513 In
2390 2469 2584 2528 pietatis

601 2566 765 2612 officiis
799 2580 1099 2626 nequaquam
1133 2563 1289 2626 segnis
1321 2564 1443 2618 fuit;
1478 2562 1616 2624 saepe
1651 2561 1999 2625 eleemosynam
2034 2565 2363 2613 dominicanae
2387 2572 2437 2613 et
2460 2567 2585 2613 fran-

599 2664 813 2712 ciscanae
835 2664 1044 2711 familiae
1068 2663 1292 2710 fratribus
1316 2659 1635 2709 liberaliffime
1658 2665 1886 2724 erogavit.
1954 2663 2031 2710 Ac
2062 2664 2216 2710 multo
2247 2665 2509 2727 benignior,
2534 2667 2584 2711 in

602 2764 783 2810 summe
806 2761 1106 2810 calamitosos
1129 2768 1179 2808 et
1203 2761 1395 2808 infimae
1418 2758 1556 2807 sortis
1580 2761 1810 2807 homines.

673 2863 731 2908 In
754 2869 953 2925 agnatos
976 2868 1026 2907 et
1049 2860 1227 2915 affines,
1253 2875 1371 2920 quos
1399 2859 1567 2906 habuit
1602 2859 1808 2921 frugales
1843 2857 1980 2906 fimul
2016 2867 2066 2907 et
2100 2861 2263 2916 bonos,
2287 2864 2406 2909 adeo
2430 2866 2585 2910 muni-

604 2964 721 3009 ficus
757 2962 863 3015 fuit,
897 2967 954 3007 ut
988 2975 1099 3007 cum
1132 2973 1414 3021 magnorum
1447 2956 1817 3005 sacerdotiorum
1851 2957 2079 3020 episcopis
2118 2976 2214 3006 non
2257 2963 2418 3022 inique
2457 2978 2584 3009 com-

605 3063 757 3122 parari
792 3069 949 3121 queat.
1019 3055 1320 3106 Potiffimum
1354 3058 1405 3104 in
1439 3057 1728 3104 collocandis
1762 3059 1935 3119 nuptui
1968 3059 2231 3121 virginibus
2254 3066 2310 3107 ut
2338 3058 2582 3108 honestam

607 3175 717 3207 cum
740 3157 978 3206 nobilibus
996 3159 1106 3205 viris
1130 3153 1445 3219 transigerent
1468 3156 1632 3211 vitam,
1669 3153 2002 3217 impenfiffime
2036 3156 2220 3220 semper
2245 3158 2491 3214 laboravit,
2528 3177 2582 3207 ac

609 3260 769 3306 omnia
792 3255 1053 3305 feliciffima
1075 3256 1318 3317 transegit.
