2938 3762
1027 455 1464 504 MONASTERII
1498 458 1547 506 A
1582 459 1882 508 KYNLOS.
2374 473 2435 519 37

475 582 688 629 Scotiam
726 582 923 631 subinde
957 587 1184 647 cogitans,
1254 587 1352 635 Ubi
1384 588 1602 645 rediiffet,
1638 592 1852 651 nequivit
1893 591 2067 639 alicubi
2108 593 2433 655 conquiescere

475 679 562 726 nifi
598 683 649 727 in
682 681 896 743 Kynlos:
933 698 1025 743 quo
1065 685 1115 729 in
1152 685 1256 731 1000
1294 693 1515 747 gravatus
1551 690 1715 735 morbo
1750 691 1897 737 vitam
1936 697 2090 738 morte
2122 696 2431 740 commutavit

476 780 659 826 duobus
682 781 818 826 annis
840 779 946 841 post
968 779 1119 828 scelus
1135 781 1394 839 admiffum,
1419 787 1587 832 eodem
1609 787 1784 842 mense,
1809 789 1885 835 die
1909 804 2020 836 vero
2043 792 2237 850 quinto;
2272 808 2432 839 exem-

474 879 608 939 plum
630 878 866 941 sacrilegis
899 881 1142 941 praebens,
1179 897 1299 942 quae
1331 898 1485 943 poena
1518 900 1598 930 eos
1631 892 1835 932 maneat.
1904 887 2287 948 Quotquotsunt
2321 907 2430 938 eum

473 979 690 1025 comitati
724 980 775 1024 in
809 978 1068 1041 effrigenda
1101 979 1296 1027 ecclefia
1325 998 1353 1028 a
1376 981 1575 1043 Kynlos,
1610 984 1752 1044 paulo
1784 983 1887 1046 post
1919 988 2094 1033 mortui
2127 987 2234 1034 sunt
2268 1004 2431 1036 omnes

474 1079 692 1138 turpiter,
728 1094 823 1124 uno
855 1085 1058 1140 excepto
1081 1079 1114 1126 J
1117 1081 1262 1127 acobo
1287 1080 1502 1128 Dumbar
1525 1098 1553 1128 a
1574 1082 1786 1139 Tarbale,
1812 1099 1952 1144 quem
1976 1087 2214 1145 poenituit
2237 1088 2358 1142 faeci,
2383 1094 2432 1134 et

475 1178 667 1223 veniam
691 1178 907 1238 petendo
936 1179 1159 1224 obtinuit.

541 1275 643 1322 Sub
659 1276 755 1322 ’1100
779 1276 953 1322 abbate
975 1275 1178 1336 suscepti
1201 1275 1310 1322 sunt
1333 1278 1383 1322 in
1400 1279 1737 1325 monachatum
1760 1281 1848 1325 viri
1871 1282 1951 1340 qui
1973 1279 2233 1341 sequuntur
2248 1298 2326 1328 :—

541 1373 770 1428 Primum,
806 1375 1026 1420 dominus
1066 1375 1300 1421 Patricius
1337 1375 1707 1438 Fothiringame,
1745 1379 1826 1437 qui
1866 1378 1984 1424 obiit
2020 1377 2176 1425 nostro
2215 1385 2428 1441 tempore

479 1477 618 1527 1532,
663 1472 826 1519 mense
865 1471 1074 1535 Augusti
1114 1488 1268 1528 mane,
1309 1475 1359 1519 in
1399 1475 1496 1543 divi
1535 1475 1767 1523 Bernardi
1806 1475 1939 1523 festo.
2014 1477 2242 1524 Interfuit
2282 1479 2434 1525 funeri
2480 1526 2482 1528 ,

476 1571 717 1618 Robertus
741 1573 901 1619 abbas.

536 1671 777 1717 *Dominus
812 1671 971 1718 David
1006 1672 1232 1734 Murray3
1269 1674 1349 1732 qui
1373 1688 1400 1718 e
1424 1672 1586 1719 Scotia
1612 1674 1861 1734 profe&us,
1892 1675 2044 1720 adhuc
2068 1675 2226 1721 vivere
2250 1675 2433 1721 dicitur.

540 1770 777 1816 Dominus
800 1770 831 1816 J
834 1770 1009 1816 acobus
1034 1770 1174 1824 Pont,
1199 1770 1453 1830 aliquando
1476 1769 1695 1832 superior,
1731 1788 1858 1819 nunc
1882 1769 2118 1827 confeffor,
2144 1774 2214 1818 vir
2235 1773 2435 1833 probus;

482 1871 541 1915 de
565 1885 658 1930 quo
681 1871 732 1915 in
755 1871 855 1916 vita
876 1869 1085 1916 Thomae
1110 1871 1293 1916 abbatis
1315 1870 1451 1931 plura
1473 1869 1728 1917 scribimus.
1894 1863 1896 1865 ¹

549 1968 784 2014 Dominus
819 1968 1048 2015 Valterus
1084 1968 1327 2023 Hethone,
1362 1974 1527 2015 cantor
1558 1970 1716 2024 chori3
1753 1971 1811 2016 de
1843 1970 1934 2016 1100
1968 1971 2065 2015 viro
2099 1970 2235 2030 plura
2269 1971 2319 2015 in
2342 1971 2439 2015 vita

480 2068 692 2114 Thomae
715 2068 913 2114 abbatis.

549 2168 785 2213 Dominus
839 2167 1080 2213 Robertus
1125 2166 1380 2227 Comynus,
1439 2167 1619 2212 dudum
1662 2167 1960 2228 guardianus,
2015 2182 2140 2213 1111110
2189 2182 2439 2228 granorum

482 2265 651 2315 custos.

548 2367 785 2412 Dominus
807 2364 839 2410 J
842 2379 1018 2411 oannes
1046 2362 1236 2418 Person,
1269 2379 1395 2409 nunc
1429 2361 1672 2408 institutor
1699 2364 1984 2408 novitiorum
2008 2363 2202 2417 Belloci,
2226 2362 2310 2409 sub
2345 2363 2439 2408 Ro-

482 2468 620 2513 berto
645 2465 818 2511 abbate
842 2459 1134 2524 Kynlocenfi
1156 2461 1253 2516 suo,
1277 2467 1327 2507 et
1350 2461 1534 2507 Belloci
1556 2462 1723 2521 priore.

550 2565 785 2610 Dominus
807 2562 839 2608 J
843 2576 1018 2608 oannes
1048 2561 1232 2621 Smyth,
1268 2575 1419 2620 nuper
1450 2558 1669 2620 superior,
1696 2560 1798 2620 jam
1831 2560 2167 2606 monachorum
2201 2556 2436 2612 confessor,

481 2663 620 2711 fimul
644 2669 693 2710 et
716 2661 964 2709 bursarius.

549 2763 786 2808 Dominus
811 2761 1048 2806 Servanus
1072 2758 1288 2811 Browne,
1313 2772 1440 2803 nunc
1463 2756 1774 2818 piscationum
1797 2753 1962 2802 custos.

550 2862 786 2907 Dominus
810 2858 1081 2906 Gulielmus
1104 2857 1320 2910 Browne,
1345 2871 1471 2901 nunc
1494 2852 1693 2901 sacrista.

552 2960 755 3020 Recepit
779 2963 830 3004 et
853 2955 1258 3004 adolescentulum
1289 2954 1493 3000 alterum
1526 2954 1649 2999 bene
1672 2953 1936 2998 litteratum
1959 2950 1991 2996 J
1993 2951 2191 2997 acobum
2215 2947 2436 3002 Dekison,

478 3076 575 3106 una
599 3074 709 3105 cum
733 3057 924 3102 domino
960 3054 1203 3102 Gulielmo
1235 3052 1452 3098 Browne.
1521 3051 1616 3097 Sed
1647 3066 1755 3096 cum
1790 3065 1908 3110 puer
1930 3064 2027 3094 non
2050 3045 2196 3108 posset
2218 3047 2438 3093 monach-

480 3165 588 3205 atus
611 3157 795 3203 labores
829 3154 1048 3215 perferre,
1085 3151 1249 3197 volens
1272 3152 1322 3196 in
1344 3151 1581 3195 novitiatu
1615 3146 1832 3195 demiffus
1856 3146 1937 3202 est,
1962 3147 2042 3207 qui
2078 3162 2133 3193 00
2157 3162 2280 3192 anno
2314 3146 2434 3206 apud

479 3262 666 3319 patrem
688 3253 823 3301 suum
847 3254 995 3299 vitam
1017 3255 1171 3297 morte
1195 3249 1520 3296 commutavit.
