2938 3762
538 454 597 496 QQ
1176 443 1508 493 HISTORIA
1544 443 1890 493 ABBATUM

539 582 745 635 fe&um;
780 579 884 627 aliis
908 579 1103 626 interim
1127 574 1438 625 afferentibus
1462 593 1490 623 e
1512 578 1736 638 primario
1760 576 1844 623 illo
1869 577 2131 639 hybernieo
2154 580 2385 626 coenobio
2409 581 2534 627 dioto

541 679 818 727 Mellefont.
890 678 995 740 Ego
1029 679 1189 739 potius
1224 676 1508 724 crediderim
1542 676 1672 724 hunc
1696 675 1980 724 Anselmum
2018 675 2254 741 navigasse
2278 680 2328 725 in
2353 679 2535 727 Gallias

539 796 595 826 eo
619 778 777 829 seculo
812 793 921 825 eum
956 777 1147 824 floreret
1172 775 1327 824 Divus
1351 776 1638 831 Bernardus‚
1676 774 1759 836 (fic
1794 778 1924 825 enim
1959 783 2154 827 narrant
2189 780 2271 840 q'ui
2296 795 2324 828 a
2346 781 2536 841 majori-

541 881 629 926 bus
651 880 974 939 aceeperunt,)
998 893 1027 925 a
1049 893 1144 938 quo
1169 875 1413 938 susceptus
1432 874 1490 923 fit
1514 877 1564 923 in
1587 877 1946 924 monachatum.
2017 877 2274 941 Deinceps,
2294 879 2375 926 ubi
2403 896 2537 927 acce-

540 976 677 1040 pifl'et
712 978 898 1041 Regem
935 977 1093 1025 David
1128 978 1178 1023 in
1215 976 1381 1024 Scotia
1413 975 1569 1023 moliri
1606 975 1790 1037 aliquot
1824 991 1971 1024 novas
2005 976 2332 1039 religiosorum
2369 979 2538 1025 funda-

540 1080 710 1132 tiones,
745 1073 1015 1139 impetrafl'e
1050 1093 1111 1124 ex
1138 1076 1264 1122 Divo
1290 1075 1535 1123 Bernardo
1559 1082 1614 1122 ut
1638 1091 1748 1122 eum
1783 1075 1967 1136 aliquot
2003 1075 2162 1124 Scotis
2195 1078 2442 1125 monachis
2479 1079 2537 1124 ad

544 1177 602 1223 M
606 1178 729 1226 elros
752 1178 1042 1225 mitteretur.

651 1475 897 1527 Dommus
920 1475 1183 1530 Annam&
1602 1511 1614 1530 ‚
1650 1475 1824 1523 Anus
1848 1490 1878 1523 A
1903 1474 2122 1524 KYNLos
2144 1475 2434 1532 Snouunus,

1194 1574 1331 1621 Obiit
1355 1574 1503 1621 Anno
1529 1574 1726 1621 Domini
1755 1579 1896 1626 1189.

616 1774 754 1820 Nihil
777 1773 1009 1821 habemus
1033 1774 1093 1820 de
1115 1774 1206 1820 hoe
1231 1775 1345 1827 viro,
1381 1780 1715 1835 praeterquam
1750 1774 2007 1822 relationes
2032 1780 2251 1822 veterum
2275 1782 2326 1822 et
2349 1776 2540 1823 famam.

548 1874 738 1929 Quotus
761 1874 920 1927 fuerit,
946 1878 996 1920 et
1020 1874 1225 1933 quando,
1261 1874 1535 1935 ignoramus
1570 1874 1780 1923 omnino.
1851 1874 1904 1922 Si
1939 1879 2106 1923 tamen
2128 1889 2242 1923 vera
2274 1873 2385 1923 sunt
2420 1891 2542 1937 quae

551 1975 610 2020 de
634 1989 692 2019 eo
715 1978 983 2027 narrantur,
1009 1978 1202 2035 oportet
1226 1988 1339 2020 eum
1363 1971 1501 2020 fuifi'e
1534 1974 1663 2020 inter
1695 1974 1896 2023 abbates
1917 1972 2179 2022 seeundum
2204 1975 2282 2022 vel
2315 1977 2542 2023 tertium:

549 2075 619 2120 ita
641 2088 728 2119 nos
752 2074 812 2120 ab
836 2073 1161 2122 aedificiorum
1182 2070 1432 2128 vetustate,
1459 2080 1509 2120 et
1533 2073 1638 2121 aliis
1660 2073 1896 2135 plerisque
1919 2076 2218 2137 eonje&uris‚
2242 2075 2541 2123 arbitramur.

554 2174 760 2220 Putatur
783 2169 947 2219 vixiffe
970 2174 1019 2219 in
1045 2173 1199 2220 officio
1223 2189 1372 2219 annos
1398 2177 1474 2219 39.

618 2273 667 2319 Is
688 2275 895 2335 primum
921 2274 1134 2319 extineim
1159 2272 1355 2320 Abbate
1379 2271 1610 2319 Anselmo
1645 2289 1842 2320 manum
1865 2274 2093 2330 admovit,
2118 2282 2174 2321 ut
2200 2291 2256 2322 ea
2279 2276 2542 2337 perficeret,

552 2389 674 2433 quae
716 2373 825 2419 Rex
868 2372 1026 2419 David
1066 2374 1274 2418 moriens
1320 2372 1588 2420 inabsoluta
1632 2374 2005 2435 imperfe&aque
2050 2374 2323 2436 reliquerat,
2365 2373 2544 2422 scilieet

556 2480 707 2519 totam
755 2474 940 2527 faciem,
989 2487 1100 2519 eum
1147 2473 1274 2520 bona
1318 2479 1456 2534 parte
1503 2475 1651 2528 navis,
1699 2471 2010 2536 augustiffimi
2056 2474 2228 2537 templi
2269 2491 2297 2522 a
2342 2474 2544 2536 Kynlos.

557 2573 716 2634 Hujus
763 2574 908 2620 etiam
956 2588 1112 2634 opera,
1161 2588 1188 2619 a
1235 2573 1562 2620 fundamentis
1609 2570 1719 2634 ipfis
1777 2575 2044 2621 excitatum
2095 2572 2165 2621 est
2210 2573 2543 2636 ampliffimum

556 2673 873 2727 refe&orium,
920 2673 1049 2733 quod
1085 2679 1136 2720 et
1171 2688 1301 2719 nunc
1336 2674 1386 2718 in
1421 2670 1628 2720 claustro
1663 2670 1842 2720 vifitur.

626 2771 786 2833 Hujus
809 2773 979 2834 optimi
1016 2773 1104 2819 viri
1127 2769 1223 2819 offa
1253 2771 1442 2833 sepulta
1465 2772 1634 2833 jacent
1670 2773 1798 2820 inter
1832 2771 1998 2820 sedilia
2031 2770 2235 2828 claustri,
2272 2773 2358 2821 sub
2392 2775 2548 2836 lapide

560 2872 816 2935 praelongo
854 2879 906 2919 et
942 2873 1140 2919 minime
1179 2869 1377 2934 fignato,
1415 2873 1632 2933 proxime
1670 2873 1730 2919 ad
1768 2871 1931 2919 sedem
1969 2872 2072 2933 ejus
2117 2871 2321 2936 religiofi
2368 2875 2449 2935 qui
2487 2889 2547 2921 ex

562 2972 714 3018 officio
754 2972 1127 3019 hebdomadario
1164 2970 1268 3033 post
1315 2987 1514 3019 coenam
1552 2977 1667 3018 ante
1708 2971 2076 3033 completorium
2115 2971 2297 3020 aestivo
2331 2979 2548 3035 tempore

563 3070 766 3118 san&am
803 3073 1056 3119 lefitionem
1091 3073 1388 3119 concinendo
1422 3072 1641 3135 perlegit.

632 3170 757 3217 Cum
781 3173 1001 3232 nequiret
1026 3172 1247 3219 dominus
1271 3171 1506 3227 Andreas,
1541 3177 1732 3218 mortuo
1767 3171 1904 3235 Rege
1944 3171 2117 3228 David,
2151 3188 2238 3234 par
2270 3169 2362 3219 effe
2383 3178 2550 3219 tantae

568 3270 836 3317 fundationi
860 3287 888 3317 a
911 3270 1113 3332 Kynlos,
1138 3286 1235 3318 non
1262 3269 1446 3319 destitit
1483 3271 1801 3319 Maleolmum
1833 3272 2018 3335 Regem
2041 3273 2101 3320 ad
2131 3272 2180 3319 id
2204 3273 2360 3334 operis
2398 3270 2551 3319 solici—
