2938 3762
990 457 1424 507 MONASTERII
1459 461 1507 508 A
1543 461 1840 510 KYNLOS.
2359 473 2385 516 9

440 593 580 647 putes
603 585 696 635 effe
719 603 862 649 quam
893 589 1135 636 homines:
1171 591 1340 650 quibus
1373 607 1470 638 non
1504 593 1705 655 contigit
1737 594 1988 655 aliquando
2023 595 2074 640 in
2105 592 2303 641 historiis
2338 603 2386 642 et

442 685 691 734 vetustatis
713 686 969 749 multijuga
990 688 1263 749 cognitione
1286 688 1468 736 versari.

507 784 772 845 Eapropter
794 799 895 847 ego,
916 783 1173 832 Mecaenas
1190 787 1382 847 optime,
1406 794 1461 834 ut
1484 790 1565 848 qui
1588 803 1809 850 cuperem
1826 791 1914 836 tibi
1934 796 1983 836 et
2005 789 2267 852 posteritati
2290 807 2387 837 rem

439 889 624 943 gratam
663 883 818 930 facere
842 898 852 929 :
889 889 1068 944 quanta
1099 885 1235 946 potui
1268 886 1426 932 animi
1446 883 1635 934 solertia
1676 885 1925 949 perquisivi
1956 890 2097 949 hujus
2130 890 2220 935 loci
2255 891 2326 935 tui
2363 905 2390 934 a

441 980 629 1042 Kynlos
651 983 947 1029 monimenta
970 997 1185 1044 quaeque
1208 989 1382 1039 vetera,
1408 990 1457 1030 et
1479 985 1529 1030 in
1563 1001 1710 1032 unum
1745 1001 1912 1047 corpus
1936 985 2185 1047 (quantum
2206 1003 2290 1049 per
2311 1002 2389 1034 me

441 1096 569 1126 nunc
592 1081 694 1127 fieri
718 1081 874 1143 licuit)
898 1082 1072 1144 redegi.
1141 1082 1369 1137 Quamvis
1387 1082 1648 1130 obscuriora
1669 1080 1761 1130 fint
1781 1084 1946 1139 multa,
1965 1091 2021 1131 ut
2037 1085 2216 1132 nullam
2233 1086 2389 1132 lucem

441 1195 652 1240 unquam
674 1185 924 1241 receptura
944 1196 1030 1242 per
1061 1163 1294 1242 majorum
1329 1180 1623 1228 oscitantiam
1656 1183 1917 1237 videantur,
1941 1198 2036 1229 non
2069 1190 2231 1230 tamen
2253 1182 2390 1230 desti-

442 1281 588 1324 timus
620 1279 797 1339 aliquid
832 1279 1091 1325 verioribus
1114 1279 1393 1340 conJe&uris
1425 1281 1476 1325 in
1508 1280 1719 1326 medium
1758 1281 2026 1341 producere,
2060 1297 2121 1327 ne
2155 1282 2276 1328 forte
2310 1282 2392 1328 ali-

443 1372 815 1440 quando-omnia
829 1378 1146 1424 diuturnitate
1168 1377 1495 1424 obliterentur.
1563 1377 1640 1424 Ac
1663 1378 1764 1424 fieri
1787 1376 1940 1440 potest
1958 1395 2018 1425 ex
2041 1377 2139 1425 istis
2155 1381 2314 1434 initiis,
2338 1387 2393 1425 ut

443 1474 703 1537 posteritas,
728 1478 866 1524 natta
887 1482 1105 1523 veterum
1126 1477 1216 1523 hac
1239 1478 1298 1523 de
1320 1492 1371 1523 re
1393 1476 1564 1538 scripta
1597 1477 1771 1524 alicubi
1803 1476 2140 1532 delitescentia,
2175 1493 2343 1525 novam
2367 1494 2394 1523 a

444 1577 600 1637 capite
626 1576 772 1637 (quod
796 1576 888 1622 dici
911 1574 1049 1639 solet)
1074 1576 1134 1623 ad
1155 1574 1300 1637 pedes
1333 1590 1491 1622 rerum
1514 1576 1565 1622 in
1598 1576 1686 1622 hoc
1721 1574 2011 1622 Monasterio
2046 1584 2130 1622 tuo
2162 1573 2394 1637 gestarum

443 1681 670 1722 contexat
689 1672 962 1721 Historiam.
1031 1674 1236 1728 Interea,
1254 1674 1366 1719 dum
1384 1674 1502 1719 nihil
1519 1673 1688 1719 melius
1711 1672 1948 1727 succurrit,
1972 1679 2108 1719 utere
2130 1674 2217 1719 hoc
2239 1670 2393 1719 nostro

442 1777 492 1820 in
515 1771 718 1820 historiis
751 1790 780 1820 a
813 1772 1001 1835 Kynlos
1034 1772 1347 1819 tumultuario
1382 1772 1673 1833 compendio.
1742 1770 1809 1817 Et
1840 1786 1983 1832 perge
2015 1770 2210 1817 meliora
2242 1770 2394 1816 studia

446 1874 592 1934 (quod
615 1874 762 1919 etiam
785 1873 919 1933 facis)
939 1887 1049 1919 cum
1072 1871 1323 1933 Religione
1347 1871 1646 1932 conjungere,
1664 1875 1720 1915 ut
1742 1867 1879 1914 fimul
1897 1868 2186 1915 coalescant:
2211 1875 2395 1929 accept-

446 1988 559 2020 urus
583 1972 835 2033 aliquando
869 1986 954 2032 pro
976 1968 1075 2016 istis
1109 1971 1206 2016 tuis
1229 1970 1281 2015 in
1305 1968 1542 2015 tantulam
1576 1967 1938 2028 Rempublicam
1972 1966 2221 2013 cumulatis
2254 1966 2396 2012 bene-

445 2073 563 2119 ficiis
588 2077 638 2118 et
662 2071 838 2125 officiis,
869 2086 897 2117 a
926 2069 1130 2131 gratiore
1152 2065 1427 2129 posteritate
1456 2067 1607 2113 laudis
1639 2066 1900 2126 praeconia,
1936 2071 1985 2111 et
2018 2081 2047 2111 a
2080 2064 2184 2110 Deo
2218 2065 2395 2124 optimo

446 2172 657 2218 maximo
691 2185 777 2231 pro
815 2174 902 2216 tua
946 2183 1057 2230 erga
1093 2168 1309 2213 homines
1357 2166 1550 2227 pietate,
1589 2164 1905 2211 immortalem
1943 2163 2118 2227 gloriae
2164 2177 2394 2209 coronam.

447 2271 583 2317 Bene
607 2269 724 2324 vale,
751 2268 1009 2315 Mecaenas
1032 2262 1367 2319 studiofiffime‚
1394 2270 1444 2311 et
1466 2263 1499 2310 J
1501 2278 1702 2311 oannem
1725 2263 1813 2309 tibi
1837 2259 2170 2325 deditiffimum
2193 2266 2247 2307 ut
2271 2266 2396 2307 amat

446 2368 775 2430 complefflzere.
843 2366 992 2428 Apud
1016 2363 1203 2426 Kynlos
1226 2368 1378 2418 tuum,
1404 2362 1489 2410 cal.
1514 2361 1667 2422 April.
1696 2364 1832 2411 1537.
