2938 3762
1016 479 1074 525 M
1078 479 1453 528 ONASTERII
1487 481 1535 528 A
1570 482 1866 530 KYNLOS.
2355 493 2407 535 41

453 606 559 653 suos
582 609 737 653 rediit.
807 608 934 654 Item
957 610 1029 655 bis
1061 610 1247 671 legatus
1279 612 1328 656 in
1364 611 1544 659 Gallias
1578 614 1638 659 ad
1673 611 1973 660 Franciscum
2006 630 2166 676 regem
2201 617 2299 677 ejus
2333 634 2414 663 no-

453 708 594 752 minis
616 708 835 768 primum,
871 723 956 767 pro
979 706 1050 753 sui
1072 709 1196 769 regis
1218 710 1533 764 matrimonio,
1563 711 1797 771 profefitus
1821 709 1889 757 est
1912 710 1997 758 sub
2021 728 2198 759 annum
2222 714 2414 761 Domini

455 808 580 851 1535
605 806 771 865 primo,
798 805 969 851 deinde
992 804 1077 852 sub
1101 819 1279 852 annum
1307 809 1444 854 1536.
1504 809 1650 856 Nunc
1666 816 1715 856 et
1732 811 1912 871 aliquot
1932 828 2078 859 annos
2100 815 2227 860 inter
2247 815 2414 863 Jacobi

452 904 609 962 quinti
633 902 887 949 Scotorum
913 903 1058 965 Regis
1083 903 1366 951 consiliarios
1389 921 1485 952 non
1509 908 1721 954 infimam
1744 914 1929 968 partem
1951 915 2086 956 tenet
2109 910 2411 967 meritiffime,

453 1017 562 1047 cum
581 1003 642 1048 ob
657 1002 779 1062 juris
797 1002 1042 1063 utriusque
1059 1004 1279 1063 peritiam
1302 1010 1406 1050 tum
1424 1007 1550 1052 vitae
1568 1005 1858 1062 modestiam,
1887 1023 1978 1068 qua
1994 1008 2250 1069 plurimum
2268 1011 2408 1058 valet.

451 1100 615 1147 Habet
640 1102 786 1147 etiam
821 1099 1187 1162 resignationem
1210 1103 1410 1150 vicariae
1434 1120 1462 1150 a
1484 1103 1722 1165 Kirkaldy
1746 1106 1805 1151 ab
1829 1106 2062 1152 avunculo
2086 1106 2168 1153 suo
2192 1107 2411 1170 magistro

451 1200 663 1246 Roberto
700 1200 1012 1255 Schanwelle,
1049 1180 1130 1260 qui
1164 1202 1316 1247 adhuc
1352 1203 1483 1247 vivit.
1553 1202 1612 1248 In
1646 1201 1928 1250 monasterio
1963 1210 2124 1250 autem
2164 1222 2192 1252 a
2225 1206 2410 1268 Kynlos

448 1306 584 1358 parat
625 1299 837 1358 quotidie
877 1299 1032 1345 multa
1066 1300 1126 1345 ad
1160 1315 1305 1346 novas
1339 1301 1426 1346 viz.
1461 1299 1726 1355 111ηᾶ11135,
1763 1307 1813 1347 et
1845 1303 1936 1348 hoc
1974 1318 2097 1348 anno
2136 1308 2273 1359 1537,
2313 1313 2410 1351 tres

449 1411 584 1442 arcus
607 1398 657 1442 in
681 1395 871 1442 claustri
895 1396 1080 1458 angulis
1115 1399 1357 1452 extruxit3
1393 1414 1521 1445 nunc
1544 1415 1739 1445 manum
1762 1401 1972 1446 admovit
1995 1416 2117 1447 novo
2149 1403 2404 1450 columbari

448 1496 666 1555 proxime
723 1496 782 1541 ad
839 1493 1112 1541 monasterii
1167 1481 1508 1551 moletrinum3
1576 1498 1838 1544 identidem
1895 1500 1954 1545 ad
2010 1500 2208 1546 fornices
2253 1505 2410 1563 magni

449 1594 656 1640 cubiculi
687 1594 872 1641 abbatis
907 1610 1017 1640 cum
1051 1594 1188 1640 aulae
1223 1592 1333 1641 suae
1367 1593 1718 1642 instauratione.
1787 1595 2001 1644 Instituit
2033 1605 2276 1659 praeterea
2299 1599 2410 1646 satis

449 1693 684 1754 copiosam
730 1695 779 1739 in
820 1695 949 1739 omni
991 1693 1340 1754 disciplinarum
1385 1709 1559 1755 genere
1603 1695 1954 1751 bibliothecam,
2002 1712 2142 1756 quam
2189 1713 2273 1743 nos
2318 1699 2409 1744 alio

449 1794 611 1839 libello
646 1791 1005 1855 defignavimus,
1032 1798 1082 1838 et
1105 1808 1167 1839 ne
1190 1794 1304 1852 quid
1336 1791 1454 1839 defit
1480 1794 1583 1853 jam
1617 1795 1918 1855 aggredietur
1951 1795 2143 1840 domum
2167 1795 2410 1857 elegantis-

448 1891 613 1939 fimam
645 1894 874 1953 quadrato
909 1892 1066 1953 lapide
1100 1894 1150 1938 in
1185 1907 1279 1952 quo
1313 1892 1421 1938 libri
1455 1889 1754 1963 asservantur.
1824 1892 1982 1953 Hujus
2016 1894 2197 1939 abbatis
2231 1895 2410 1954 reliqua

448 2001 569 2052 quae
604 1993 816 2052 quotidie
850 1975 1066 2038 facitvel
1101 1992 1246 2037 etiam
1281 1992 1485 2037 facturus
1510 1989 1591 2045 est,
1618 1989 1651 2036 fi
1675 1993 1775 2038 vita
1795 1991 2028 2052 suppetat,
2064 1991 2326 2038 observabit
2360 1999 2409 2038 et

447 2093 498 2137 in
533 2092 930 2137 commentarium
965 2091 1130 2136 mittet
1163 2088 1411 2150 posteritas
1435 2096 1490 2136 ut
1513 2095 1630 2150 puto
1652 2091 1840 2151 gratior.
1911 2087 2126 2150 Suscepit
2159 2091 2235 2136 hic
2269 2091 2410 2136 abbas

447 2190 534 2237 sub
574 2192 711 2236 initio
754 2189 825 2235 sui
866 2188 1166 2250 magistratus
1207 2190 1255 2234 in
1295 2189 1637 2253 monachatum.
1679 2188 1923 2234 dominum
1967 2188 2195 2234 Thomam
2235 2188 2408 2241 Broun,

447 2306 575 2335 nunc
620 2288 937 2350 superiorem3
984 2295 1034 2333 et
1070 2303 1179 2333 cum
1221 2303 1276 2333 eo
1317 2287 1521 2333 alterum
1563 2288 1638 2333 cui
1678 2302 1854 2332 nomen
1893 2284 1962 2332 est
2002 2287 2191 2331 domino
2230 2285 2409 2332 Jacobo

449 2389 589 2442 Burt,
618 2388 850 2447 juvenem
881 2387 941 2433 ad
977 2387 1138 2432 literas
1173 2391 1340 2446 aptum
1372 2384 1494 2438 satis,
1524 2381 1559 2429 fi
1593 2386 1803 2430 animum
1840 2385 2098 2430 intenderit
2129 2383 2288 2429 suum:
2324 2385 2417 2429 hos

449 2488 567 2533 duos
590 2502 725 2532 meae
749 2502 889 2532 curae
924 2486 1137 2539 traditos,
1174 2490 1406 2544 quantum
1441 2484 1576 2529 licuit
1598 2498 1684 2543 per
1706 2498 1869 2528 eorum
1892 2484 1941 2527 in
1964 2482 2189 2543 religione
2213 2498 2408 2542 occupa—

450 2587 617 2640 tioneS,
643 2586 702 2631 ad
725 2586 872 2630 bonas
897 2584 1058 2629 literas
1082 2588 1132 2628 et
1155 2580 1420 2628 universam
1447 2578 1786 2642 philosophiam
1819 2579 2109 2625 inflammare
2133 2595 2227 2624 non
2251 2578 2406 2625 destiti

449 2686 535 2730 hos
582 2685 791 2744 quinque
838 2697 986 2729 annos
1036 2687 1177 2727 totos.
1269 2679 1486 2740 Suscepit
1532 2684 1582 2725 et
1625 2679 1870 2724 biennium
1915 2678 1974 2723 ab
2018 2678 2127 2723 hinc
2177 2678 2406 2737 optimum

441 2786 673 2845 juvenem
713 2783 959 2828 dominum
992 2779 1237 2826 Adamum
1273 2778 1430 2831 Eldar,
1465 2778 1671 2838 primum
1705 2777 1877 2822 artium
1911 2773 2183 2836 magistrum
2223 2773 2406 2820 Parisiis

450 2887 676 2936 creatum,
713 2886 763 2926 et
794 2895 903 2926 cum
928 2895 984 2926 eo
1007 2879 1159 2924 bonae
1181 2877 1352 2923 indolis
1375 2890 1575 2937 puerum
1599 2875 1842 2920 dominum
1865 2873 1897 2919 J
1900 2888 2098 2919 oannem
2122 2872 2407 2932 Capronium

449 2985 500 3029 in
525 2980 882 3028 humanioribus
917 2979 1067 3024 literis
1090 2978 1212 3023 bene
1236 2976 1488 3022 eruditum.
1557 2973 1802 3028 Quantum
1825 2978 2024 3031 uterque
2048 2971 2218 3017 debeat
2241 2969 2407 3016 nostris

449 3078 592 3127 mufis
616 3085 665 3126 et
689 3079 827 3125 reffis
850 3075 1264 3128 admonitionibus,
1290 3074 1450 3119 dicent
1475 3070 1605 3132 (scio)
1630 3070 1797 3116 melius
1819 3069 1967 3115 nobis.
