2938 3762
970 479 1407 529 MONASTERII
1442 483 1490 530 A
1525 483 1824 533 KYNLOS.
2314 494 2372 543 67

409 603 668 662 publicum,
695 608 822 666 quod
845 615 1031 664 vocant,
1055 608 1436 668 instrumentum,
1460 613 1492 660 J
1494 615 1640 660 acobo
1664 615 1799 678 Rege
1834 617 1934 677 ejus
1968 619 2173 665 nominis
2207 627 2372 680 quarto

409 704 762 764 comprobante,
803 708 953 769 redigi
993 710 1192 756 curavit.
1261 710 1446 758 Extant
1486 718 1536 758 et
1575 713 1679 768 alia,
1721 730 1830 761 cum
1870 716 2170 763 dominorum
2205 718 2373 778 parlia-

407 803 561 847 menti
595 807 701 849 tum
737 804 884 867 Regis
907 804 1050 867 ipfius
1072 808 1132 854 ad
1155 808 1277 854 hanc
1299 824 1401 855 rem
1431 810 1633 866 decreta,
1657 827 1778 872 quae
1801 815 1850 859 in
1873 814 2163 875 posterorum
2196 832 2374 864 memo-

406 900 525 945 riam
557 900 912 963 diligentiffime
936 906 1062 965 apud
1085 905 1273 967 Kynlos
1295 905 1595 954 asservantur.

474 997 728 1060 Deinceps,
753 999 882 1061 quafi
906 1003 1146 1051 fortunam
1169 1006 1458 1052 arridentem
1482 1005 1563 1053 suo
1586 1011 1772 1055 muneri
1807 1009 2066 1071 accepisset,
2101 1013 2151 1058 in
2184 1014 2370 1074 majori-

406 1097 494 1141 bus
534 1098 791 1158 periclitari
831 1101 996 1147 voluit.
1087 1102 1164 1150 Ac
1208 1106 1412 1165 priorem
1453 1122 1481 1152 a
1520 1105 1770 1154 Pluscarde
1816 1109 2060 1156 dominum
2106 1110 2370 1158 Robertum

408 1193 612 1242 Harwor
639 1204 828 1258 praeter
851 1215 1037 1260 aequum
1060 1201 1343 1262 piscationes
1362 1220 1390 1250 a
1408 1203 1658 1251 Fernanen
1682 1213 2006 1267 occupantem,
2030 1223 2173 1268 parvo
2196 1216 2370 1256 conatu

405 1292 485 1339 sed
519 1297 724 1355 pecunia
757 1298 936 1358 majore
970 1300 1039 1346 ita
1073 1301 1259 1347 attrivit
1292 1306 1397 1348 toto
1431 1303 1651 1358 triennio,
1686 1309 1741 1349 ut
1776 1305 2025 1351 dimidium
2061 1306 2202 1361 illius,
2237 1309 2369 1368 cujus

404 1394 559 1452 gratia
582 1393 718 1440 litem
742 1395 959 1451 iniverat,
984 1398 1034 1442 in
1057 1404 1344 1458 perpetuum
1367 1401 1617 1460 acceperit.

471 1491 603 1539 Huic
627 1495 757 1553 operi
780 1492 995 1541 succefflt
1019 1512 1129 1542 cum
1154 1497 1358 1557 quodam
1383 1497 1456 1543 M.
1483 1497 1691 1560 Hugone
1716 1499 1917 1546 Martini
1952 1503 2196 1548 contentio
2230 1503 2371 1563 plena

403 1590 656 1638 laboribus.
721 1591 992 1654 Acceperat
1015 1595 1110 1649 ille,
1130 1593 1285 1641 nescio
1303 1611 1365 1642 an
1387 1594 1614 1643 industria
1636 1598 1811 1658 majore
1835 1614 1895 1644 an
1919 1600 2026 1645 dolo
2051 1600 2175 1646 malo
2198 1603 2367 1661 potius,

402 1687 718 1751 subscriptum
752 1707 780 1737 a
814 1691 949 1754 Rege
985 1693 1205 1753 diploma,
1242 1709 1335 1757 quo
1365 1695 1622 1741 cavebatur
1650 1701 1706 1741 ut
1737 1697 1891 1742 eidem
1920 1696 2115 1758 Hugoni
2146 1700 2368 1757 quamdiu

404 1790 587 1835 viveret
628 1790 874 1836 definitam
916 1793 1170 1851 quotannis
1208 1793 1473 1853 pecuniam,
1514 1794 1603 1839 hoc
1640 1791 1722 1847 est,
1760 1794 1901 1840 libras
1941 1793 2134 1841 scoticas
2174 1803 2366 1842 centum

401 1887 703 1950 septuaginta
725 1895 1061 1936 annumeraret
1097 1891 1240 1936 abbas
1282 1907 1310 1937 a
1350 1891 1552 1953 Kynlos.
1622 1891 1846 1953 Negabat
1880 1893 2022 1938 abbas
2046 1893 2093 1939 se
2117 1895 2366 1954 quicquam

402 1988 584 2033 homini
610 1989 782 2034 debere
818 1990 945 2049 quod
969 1987 1050 2034 suo
1082 1987 1364 2036 monasterio
1399 1989 1675 2036 damnosum
1708 1987 1834 2036 effet.
1903 1990 2082 2037 Contra
2114 1991 2208 2046 ille,
2232 1990 2367 2037 suum

392 2087 475 2145 jus
521 2092 571 2132 et
618 2086 852 2147 Principis
897 2088 1120 2142 favorem,
1168 2103 1260 2148 quo
1301 2094 1418 2135 tunc
1456 2104 1540 2149 pro
1580 2088 1773 2134 arbitrio
1811 2089 2049 2143 utebatur,
2090 2090 2368 2149 obje&abat.

403 2182 516 2231 Post
540 2184 774 2246 septennii
798 2187 1158 2233 contentionem
1198 2192 1248 2233 et
1282 2185 1542 2247 impensam
1576 2186 1708 2232 mille
1748 2187 1974 2233 librarum
2007 2186 2285 2233 scoticarum
2319 2189 2367 2233 in

401 2283 489 2330 lite
528 2300 614 2344 per
646 2285 884 2339 abbatem,
909 2284 983 2330 M.
1024 2285 1106 2331 ille
1147 2284 1306 2347 Hugo,
1345 2285 1509 2331 causae
1543 2283 1664 2339 suae,
1700 2286 1897 2331 mutatis
1933 2290 2174 2344 utcunque
2213 2286 2364 2338 rebus,

403 2382 619 2428 diffidens
642 2384 770 2443 pacis
800 2384 1097 2429 conditiones
1121 2384 1180 2430 ab
1204 2383 1377 2429 abbate
1400 2380 1656 2443 propofitas
1679 2383 1848 2429 lubens
1871 2383 2052 2442 accepit
2071 2398 2082 2428 ε
2107 2388 2156 2428 et
2179 2388 2365 2443 poterat
2384 2445 2386 2448 Α

401 2481 615 2541 opprimi,
641 2478 676 2526 fi
699 2481 844 2527 abbas
879 2487 1098 2542 coeptam
1124 2481 1260 2527 litem
1295 2480 1441 2541 usque
1475 2482 1524 2526 in
1558 2480 1702 2526 finem
1735 2478 1948 2540 persequi
1973 2477 2200 2526 voluifl'et.
2269 2479 2364 2526 Sed

399 2579 558 2626 secum
581 2558 834 2641 reputabat
858 2581 930 2625 vir
951 2580 1158 2640 prudens
1187 2594 1485 2639 nequaquam
1510 2576 1599 2624 effe
1622 2579 1839 2624 fortunae
1855 2578 2119 2624 blandienti
2142 2579 2362 2624 nimirum

401 2679 658 2733 fidendum,
694 2693 756 2724 ne
779 2675 813 2723 fi
837 2678 1025 2724 reflaret
1061 2678 1216 2723 denuo
1251 2691 1360 2723 cum
1396 2676 1469 2722 M.
1495 2676 1703 2737 Hugone
1737 2691 1907 2721 novam
1943 2675 2076 2722 litem
2116 2677 2362 2721 intendere

401 2782 657 2837 oporteret.
739 2775 912 2836 Itaque
959 2772 1174 2836 expensis
1219 2776 1343 2821 bene
1387 2776 1446 2822 ad
1488 2780 1739 2834 utramque
1777 2780 1961 2834 partem
2001 2773 2360 2825 conditionibus,

400 2890 613 2921 annuum
636 2874 775 2920 illum
794 2872 986 2921 censum
1005 2879 1056 2920 et
1073 2878 1370 2935 perpetuum,
1389 2873 1520 2919 libris
1537 2871 1720 2918 scoticis
1740 2873 1975 2933 o&oginta
1996 2870 2138 2918 semel
2162 2871 2359 2924 traditis,

401 2976 451 3019 in
475 2979 633 3019 totum
657 2972 841 3033 sopivit.

468 3072 570 3119 Vix
594 3073 708 3118 dum
733 3087 842 3117 cum
866 3070 939 3116 M.
966 3069 1175 3132 Hugone
1199 3075 1373 3131 egerat,
1398 3075 1448 3116 et
1470 3070 1684 3130 protinus
1718 3083 1827 3114 eum
1850 3065 2049 3128 suscepit
2072 3065 2360 3114 adversarius

402 3171 526 3216 alter
538 3170 566 3216 J
573 3185 748 3217 oannes
768 3173 1086 3231 cognomento
1104 3167 1306 3213 Cumein
1326 3168 1543 3213 dominus
1566 3168 1625 3213 ab
1645 3163 1918 3212 Erniihede.
1977 3165 2039 3220 Is,
2064 3166 2124 3212 ob
2142 3166 2361 3212 viciniam

401 3271 499 3331 agri
523 3268 592 3315 sui
617 3285 726 3317 cum
750 3266 1046 3334 monasterio,
1079 3267 1139 3313 de
1170 3266 1500 3327 promovendis
1528 3265 1699 3311 finibus
1730 3263 1983 3325 satagebat.
2058 3263 2223 3327 Abbas
2251 3279 2359 3309 vero

1389 3378 1406 3409 I
