2938 3762
987 483 1043 527 M
1048 479 1423 532 ONASTERII
1459 486 1505 533 A
1543 488 1839 538 KYNLOS.
2327 502 2382 544 51

426 609 579 656 tribus
612 607 805 656 diverfis
839 610 1016 658 tabulis
1048 614 1230 674 1116111110
1261 615 1402 675 plane
1435 619 1655 679 graphice
1689 616 1884 681 (10ρί8118
1908 623 2000 669 tria
2031 619 2200 672 sacella
2230 627 2279 672 in
2306 626 2386 674 suo

425 709 607 769 templo
642 709 903 763 exornavit,
928 711 1015 756 viz.
1052 710 1377 773 Magdalenes‚
1410 714 1443 760 J
1446 717 1609 763 oannis
1632 717 1960 780 Evangelistae
1984 727 2035 767 et
2063 721 2159 768 divi
2181 723 2387 772 Thomae

425 806 791 854 cantuariensis.
862 806 1097 870 Depinxit
1132 826 1330 872 quoque,
1364 811 1445 859 sed
1468 815 1650 875 pictura
1683 816 1857 864 leviore
1895 834 2015 879 quae
2047 835 2175 868 nunc
2208 819 2277 868 est
2305 838 2389 884 per

425 905 638 953 Scotiam
671 905 999 968 receptiffima,
1034 910 1309 956 cubiculum
1343 917 1392 957 et
1425 915 1681 960 oratorium
1715 917 1911 972 abbatis,
1947 916 2084 965 simul
2117 920 2386 967 cubiculum

425 1005 578 1066 majus
617 1011 730 1052 ante
769 1008 968 1068 gradum
1009 1021 1101 1067 quo
1141 1008 1239 1054 itur
1278 1011 1337 1056 ad
1377 1010 1559 1058 abbatis
1599 1008 1882 1061 cubiculum.
1952 1015 2060 1063 Hoc
2093 1032 2216 1064 anno
2259 1023 2384 1065 1544

425 1105 475 1150 in
497 1105 637 1150 initio
660 1103 869 1167 Augusti
894 1121 1002 1152 cum
1027 1107 1244 1154 dominus
1267 1123 1402 1156 meus
1425 1110 1674 1158 adornaret
1703 1113 2039 1173 profeffionem
2062 1116 2122 1162 ad
2144 1114 2386 1165 Orchades

425 1218 487 1249 ex
511 1201 698 1264 Kynlos
721 1218 807 1263 per
828 1218 972 1258 mare,
997 1205 1103 1266 cepi
1126 1220 1232 1251 cum
1258 1206 1341 1252 illo
1376 1208 1435 1254 de
1468 1209 1609 1255 rebus
1641 1211 1760 1256 meis
1792 1214 2141 1260 communicare
2173 1214 2385 1275 pluribus

425 1301 592 1356 verbis,
627 1299 845 1362 presente
867 1302 1018 1348 nobili
1041 1304 1141 1349 viro
1164 1303 1442 1351 Alexandro
1474 1306 1727 1353 Cummein
1758 1309 1948 1355 domino
1971 1310 2031 1356 ab
2053 1310 2207 1358 Alter.
2256 1314 2385 1360 Nam

426 1414 536 1445 cum
569 1398 813 1460 sperabam
848 1415 991 1460 quam
1018 1416 1131 1447 mox
1166 1401 1374 1448 Gallicas
1406 1418 1550 1449 naves
1573 1405 1633 1451 ad
1659 1420 1746 1451 nos
1768 1411 2004 1463 venturas,
2038 1410 2088 1454 in
2122 1411 2290 1470 quibus
2313 1427 2387 1458 res

425 1513 556 1545 meas
592 1514 889 1559 componere,
915 1504 965 1545 et
987 1498 1125 1546 fimul
1159 1499 1255 1561 ipse
1289 1503 1511 1563 navigare
1534 1505 1584 1549 in
1607 1503 1819 1559 Gallias;
1854 1521 1908 1552 ac
1943 1521 2052 1553 cum
2087 1522 2272 1554 vererer
2303 1524 2387 1570 per

425 1598 553 1644 illius
587 1596 863 1653 absentiam,
888 1614 950 1644 ne
973 1600 1077 1658 quis
1100 1600 1236 1654 forte,
1261 1606 1317 1645 ut
1339 1598 1477 1661 saepe
1499 1601 1567 1655 fit,
1592 1603 1916 1663 impudentius
1941 1605 2233 1661 reclamaret,
2259 1605 2384 1667 quafi

425 1713 499 1744 res
523 1698 701 1744 alienas
724 1703 775 1743 et
798 1713 895 1743 non
918 1712 1048 1743 meas
1070 1698 1182 1744 hinc
1205 1697 1502 1759 asportarem,
1528 1700 1655 1745 volui
1679 1701 1923 1747 dominum
1946 1717 2118 1758 meum,
2142 1704 2387 1764 praesente

427 1797 618 1842 domino
653 1796 713 1842 ab
747 1795 903 1850 Alter,
937 1797 1067 1856 prius
1101 1797 1260 1842 omnia
1293 1797 1441 1843 0011118
1476 1795 1681 1858 1110ἃο10
1715 1804 1766 1844 et
1799 1799 2073 1861 diligentius
2110 1801 2387 1863 cognoscere

427 1911 547 1955 quae
587 1892 728 1941 effem
767 1896 1003 1949 fafiturus3
1049 1895 1174 1954 quod
1216 1901 1265 1940 et
1305 1895 1481 1940 fa&um
1521 1892 1590 1941 est
1627 1911 1753 1942 nono
1792 1895 2009 1958 Augusti,
2055 1898 2299 1959 praesente
2337 1907 2388 1947 et

427 1995 652 2040 audiente
675 1994 867 2039 domino
891 1993 951 2039 ab
975 1992 1144 2047 Alter3
1180 1993 1392 2052 mihique
1423 1991 1635 2053 permisit
1661 1994 1805 2041 herus
1827 2011 1975 2050 meus,
2001 1997 2115 2042 dum
2139 1999 2268 2044 videt
2291 1999 2389 2046 ulla

426 2093 611 2138 ratione
641 2107 719 2138 me
753 2090 957 2151 amplius
988 2091 1196 2136 retinere
1230 2105 1326 2135 non
1360 2087 1498 2151 pofl'e,
1532 2097 1588 2137 ut
1621 2107 1717 2138 non
1751 2091 1900 2139 solum
1935 2108 2055 2153 quae
2089 2096 2147 2141 ad
2180 2111 2258 2142 me
2286 2112 2389 2157 per-

428 2194 652 2246 tinerent,
676 2190 757 2237 sed
781 2189 864 2236 sua
886 2205 1073 2249 quoque
1107 2204 1215 2235 meo
1247 2190 1480 2236 arbitratu
1509 2191 1626 2236 mihi
1658 2190 1855 2246 sumere,
1886 2193 2011 2252 quod
2044 2198 2204 2239 tamen
2237 2194 2390 2240 facere

427 2289 650 2343 recusavi,
689 2290 803 2349 quin
842 2289 1000 2349 potius
1047 2287 1200 2333 multa
1243 2303 1351 2333 mea
1395 2288 1599 2349 neglexi,
1641 2305 1695 2335 ac
1735 2295 1923 2335 tantum
1964 2305 2044 2336 008
2083 2291 2224 2337 libros
2259 2306 2388 2338 meos

429 2404 546 2450 quos
581 2390 630 2433 in
666 2386 871 2434 secundo
910 2401 1018 2431 meo
1059 2386 1268 2432 adventu
1308 2401 1368 2431 ex
1403 2385 1572 2432 Galliis
1609 2402 1798 2433 mecum
1832 2387 2084 2434 attuleram
2118 2390 2167 2434 in
2203 2388 2388 2450 Kynlos

429 2487 594 2534 efferre
639 2486 814 2546 optavi,
860 2499 1016 2543 neque
1050 2482 1156 2528 11108
1202 2483 1393 2542 quidem
1432 2498 1608 2529 omnes.
1677 2483 1800 2530 Cum
1841 2490 2002 2530 tamen
2041 2483 2388 2546 diligentiffime

430 2601 645 2633 curarem
678 2600 740 2630 ne
776 2584 881 2643 quis
915 2579 1030 2628 effet
1061 2581 1179 2627 adeo
1212 2582 1455 2641 improbus
1479 2587 1534 2627 ut
1557 2583 1638 2641 qui
1670 2579 1819 2642 pofl'et
1851 2583 1902 2628 in
1934 2584 2075 2629 rebus
2114 2585 2233 2630 meis
2271 2585 2387 2630 mihi

429 2685 717 2732 calumniam
755 2679 948 2734 struere,
990 2695 1086 2725 non
1125 2679 1260 2739 potui
1283 2685 1447 2725 tamen
1487 2681 1641 2734 uniuS,
1682 2681 1731 2724 in
1771 2695 1914 2739 quem
1955 2681 2068 2726 olim
2107 2697 2202 2727 non
2239 2697 2389 2742 pauca

430 2783 715 2831 contulerim
740 2780 981 2834 beneficia,
1013 2778 1221 2840 effugere
1245 2778 1560 2824 virulentiam.
1631 2778 1725 2824 Sed
1757 2778 1884 2824 illius
1914 2777 2196 2825 conscientia
2218 2780 2388 2826 viderit

431 2885 546 2930 dum
562 2877 796 2928 falfiffime
809 2879 1044 2925 mentitur
1057 2883 1107 2923 et
1126 2875 1334 2937 quisunt
1349 2874 1586 2936 ejusmodi.
1628 2876 1755 2923 Satis
1773 2893 1861 2939 ego
1878 2874 2142 2923 firmissimis
2165 2893 2219 2923 ac
2241 2876 2387 2924 san&-

430 2980 591 3029 iffimis
614 2977 895 3026 testimoniis
919 2978 1207 3037 optimorum
1229 2977 1436 3022 virorum
1458 2974 1643 3021 causam
1665 2976 1899 3021 munitam
1921 2975 2070 3021 habeo
2089 2991 2100 3021 z
2135 2991 2198 3021 ne
2226 2981 2388 3022 tamen

432 3078 551 3128 defit
586 3081 710 3126 forte
740 3077 857 3124 talia
892 3077 952 3123 de
986 3091 1064 3121 me
1098 3073 1440 3135 suspicantibus
1479 3074 1731 3128 nonnullis,
1766 3088 1858 3133 quo
1891 3073 2086 3119 tandem
2110 3079 2388 3135 argumento

432 3177 650 3228 adversus
680 3176 1025 3223 calumniantes
1058 3188 1136 3219 me
1166 3173 1291 3218 tueri
1321 3169 1498 3232 poffim,
1539 3170 1780 3232 subjiciam
1813 3172 1890 3218 hic
1921 3172 2034 3231 quid
2063 3187 2230 3233 parum
2259 3178 2390 3234 grato

432 3279 614 3324 homini
649 3275 765 3322 talia
799 3275 858 3319 de
885 3289 964 3319 me
992 3271 1250 3318 blateranti
1283 3285 1368 3330 per
1390 3269 1552 3315 literas
1587 3270 1711 3330 apud
1746 3270 1990 3316 dominum
2011 3269 2241 3317 Thomam
2274 3269 2393 3330 Tog-

1404 3380 1437 3412 G
