2938 3762
595 448 655 491 52
1225 441 1556 491 HISTORIA
1591 442 1936 493 ABBATUM
1979 453 1983 458 '

591 575 725 621 nium
742 573 1030 620 monachum
1047 571 1233 619 Belloci
1256 571 1578 634 responderim
1596 588 1609 629 ;
1632 590 1744 622 nam
1769 574 2122 623 discedentibus
2145 591 2208 623 ex
2225 575 2415 639 Kynlos
2432 582 2568 641 quin·

591 690 685 735 que
706 674 949 721 monachis
988 673 1116 720 illius
1139 672 1246 729 loci,
1281 674 1364 734 qui
1387 674 1486 721 fere
1509 674 1770 721 triennium
1804 674 1883 721 hic
1905 690 1985 722 me
2008 674 2251 738 legentem
2275 677 2569 733 audiverant,

591 787 687 818 non
709 770 814 817 sum
849 770 1003 832 paffus
1027 769 1125 818 fine
1147 771 1330 832 aliquot
1353 771 1580 819 libellulis
1602 773 1722 819 meis
1744 773 1998 820 indonatos
2024 774 2154 821 abire
2173 790 2186 830 ;
2226 790 2281 822 ac
2304 781 2411 822 tum
2447 776 2570 823 forte

592 869 833 916 extulerat
855 869 967 916 hinc
990 868 1209 917 Adamus
1243 869 1391 917 Eldar
1413 872 1535 917 vitas
1571 869 1832 925 Plutarchi,
1867 886 1989 932 quae
2023 872 2085 919 ad
2118 888 2197 920 me
2232 874 2567 935 pertinebant;

590 965 745 1029 scripfi
770 968 830 1015 ad
854 968 993 1015 illum
1016 974 1072 1015 ut
1094 969 1168 1015 his
1191 971 1311 1016 meis
1346 969 1642 1016 auditoribus
1671 969 1984 1016 Plutarchum
2019 986 2181 1018 meum
2216 987 2359 1033 quem
2394 989 2456 1020 ex
2490 989 2569 1020 me

591 1068 715 1113 dono
738 1065 1022 1128 accepissent
1045 1068 1292 1123 abeuntes,
1316 1069 1469 1129 primo
1493 1082 1682 1128 quoque
1716 1073 1934 1130 tempore
1966 1070 2220 1126 redderet;
2255 1072 2382 1132 quod
2405 1078 2568 1119 tamen

589 1163 822 1213 recufiwit
839 1166 995 1213 facere
1020 1167 1182 1213 dicens
1215 1182 1278 1213 ne
1312 1166 1487 1213 librum
1513 1167 1707 1227 quidem
1730 1182 1881 1213 unum
1908 1183 1987 1214 me
2020 1165 2251 1229 poffidere
2275 1171 2356 1231 qui
2390 1186 2487 1218 non
2510 1168 2569 1217 fit

589 1281 651 1311 ex
673 1281 782 1312 aere
806 1265 1028 1312 Abbatis.
1097 1265 1156 1312 Id
1190 1280 1301 1312 cum
1334 1263 1394 1312 fit
1427 1281 1513 1326 per
1545 1263 1592 1311 se
1627 1262 1933 1321 falfiffimum,
1968 1282 2031 1314 ne
2053 1267 2174 1315 alius
2197 1269 2324 1316 forte
2347 1270 2407 1316 ad
2440 1269 2569 1316 hunc

588 1365 794 1426 lapidem
817 1365 1146 1426 imprudenter
1174 1365 1421 1426 impingat,
1450 1379 1547 1410 non
1569 1365 1801 1427 gravabor
1835 1380 1941 1412 eam
1974 1371 2160 1427 partem
2183 1382 2319 1414 meae
2342 1367 2567 1429 epistolae

588 1462 665 1508 hic
688 1468 907 1509 attexere
930 1478 1025 1523 qua
1046 1462 1225 1509 Adami
1249 1462 1511 1510 calumnias
1535 1463 1694 1518 diluo;
1729 1479 1787 1510 ea
1809 1460 1879 1510 est
1901 1479 2023 1524 quae
2045 1462 2257 1526 sequitur
2271 1481 2352 1512 :—

656 1561 797 1616 Quod
831 1559 991 1608 scribis
1026 1562 1086 1607 de
1110 1562 1304 1608 domino
1338 1561 1531 1608 Adamo
1567 1559 1716 1608 Eldar
1753 1577 1852 1608 non
1886 1562 2096 1609 multum
2130 1565 2302 1620 miror3
2338 1566 2565 1626 putabam

589 1666 750 1705 tamen
774 1676 860 1721 per
881 1658 1020 1706 hosce
1045 1661 1145 1706 dies
1169 1660 1342 1720 quibus
1365 1674 1539 1720 aquam
1563 1665 1701 1721 potat
1724 1666 1775 1707 et
1798 1659 1885 1715 lac,
1910 1676 2022 1706 eum
2045 1662 2204 1708 minus
2228 1660 2451 1723 desipere,
2486 1664 2567 1711 sed

589 1759 748 1823 pergit
772 1759 867 1814 ille,
903 1764 960 1804 ut
999 1759 1151 1813 vide0,
1193 1757 1378 1820 semper
1413 1756 1483 1804 sui
1522 1756 1700 1806 fimilis.
1790 1758 2152 1821 Argumentum
2190 1775 2284 1821 quo
2319 1759 2367 1808 se
2411 1765 2569 1810 munit

588 1867 755 1907 contra
777 1859 921 1905 libros
956 1873 1102 1913 meos,
1138 1855 1301 1904 fimilis
1325 1855 1394 1904 est
1421 1858 1550 1920 genii
1585 1872 1695 1904 cum
1728 1858 1936 1912 homine,
1971 1858 2061 1905 hoc
2097 1856 2180 1914 est,
2216 1859 2435 1916 elumbe3
2471 1878 2566 1908 non

589 1962 718 2007 enim
735 1946 988 2020 prbpterea
1008 1958 1063 2003 fit
1081 1963 1137 2003 ut
1160 1957 1269 2003 libri
1288 1954 1379 2003 fint
1397 1957 1593 2004 alterius
1609 1957 1736 2017 quod
1751 1956 1849 2003 tale
1867 1971 2043 2003 nomen
2058 1958 2323 2018 praefixum
2343 1959 2563 2015 habeant,

587 2074 730 2120 quem
755 2058 813 2104 ad
831 2057 1028 2103 modum
1051 2062 1102 2102 et
1124 2061 1176 2102 te
1206 2071 1316 2102 cum
1335 2055 1531 2117 collegis
1549 2055 1646 2101 tuis
1659 2055 1750 2101 hoc
1765 2055 1864 2102 fere
1882 2056 2089 2102 triennio
2111 2057 2310 2118 gerebas
2327 2058 2564 2105 cucullam

589 2154 895 2204 cistercienfis
919 2155 1108 2209 ordinis,
1141 2170 1252 2201 eum
1275 2161 1439 2201 tamen
1471 2152 1681 2200 diversae
1704 2152 1764 2200 fis
1786 2151 2110 2215 profeffionis;
2146 2155 2272 2202 bona
2305 2158 2434 2204 enim
2457 2173 2564 2219 pars

589 2257 818 2303 librorum
851 2254 997 2301 habet
1036 2269 1212 2300 nomen
1235 2253 1446 2300 Thomae
1481 2253 1668 2299 abbatis
1702 2252 1898 2299 affixum
1933 2269 2018 2314 per
2052 2255 2299 2301 dominum
2328 2255 2361 2302 J
2363 2258 2563 2304 acobum

588 2357 729 2410 Pont,
753 2369 863 2401 cum
886 2369 1051 2400 revera
1072 2349 1164 2398 fint
1187 2352 1372 2399 abbatis
1397 2352 1611 2398 Roberti.
1671 2350 1863 2398 Falsum
1886 2354 2016 2399 enim
2039 2350 2109 2399 est
2131 2354 2258 2414 quod
2282 2369 2448 2403 omnes
2471 2354 2563 2403 fint

586 2454 823 2514 redempti
857 2468 966 2500 aere
999 2452 1199 2506 abbatis,
1245 2466 1356 2498 cum
1389 2457 1649 2511 antequam
1683 2449 1798 2498 ess'et
1831 2452 1950 2498 mihi
1990 2453 2050 2499 de
2085 2453 2206 2500 facie
2238 2460 2382 2501 notus
2416 2457 2562 2504 abbas

586 2553 852 2615 complures
873 2552 1122 2599 habuerim
1147 2550 1373 2597 Lutetiae
1396 2550 1554 2604 libros,
1579 2556 1630 2596 et
1652 2550 1813 2611 plures
1836 2551 2085 2598 intulerim
2108 2553 2159 2598 in
2183 2551 2396 2600 Scotiam
2410 2556 2562 2615 primo

588 2668 695 2699 meo
729 2652 942 2699 adventu
975 2665 1118 2710 quam
1141 2650 1286 2696 abbas
1309 2648 1438 2711 ipse;
1479 2664 1534 2696 ac
1558 2664 1668 2696 cum
1692 2647 1901 2697 versarer
1922 2651 1974 2696 in
1993 2650 2105 2697 aula
2138 2666 2235 2698 non
2268 2667 2444 2713 paucos
2467 2656 2562 2700 emi

587 2767 695 2798 meo
740 2765 848 2797 aere
899 2749 1167 2810 Edinburgi
1191 2763 1203 2802 ;
1255 2745 1493 2809 postremo
1542 2753 1648 2794 toto
1700 2749 2011 2808 quadriennio
2059 2750 2157 2796 fere
2202 2757 2319 2810 quot
2364 2755 2560 2799 emerim

589 2846 775 2896 Parifiis
797 2847 940 2895 multi
962 2846 1072 2894 sunt
1095 2844 1240 2894 testes
1263 2848 1315 2893 in
1338 2846 1528 2908 Kynlos
1551 2847 1633 2907 qui
1657 2847 1881 2893 viderunt
1904 2862 2023 2907 quos
2046 2849 2096 2894 in
2121 2846 2326 2896 secundo
2349 2851 2558 2898 adventu

588 2963 777 2994 mecum
799 2946 1086 3001 advexerim,
1122 2946 1248 3006 quod
1271 2943 1307 2991 fi
1331 2946 1458 2992 redte
1479 2943 1706 3007 supputes
1741 2946 1938 2993 dimidia
1959 2947 2059 2994 fere
2081 2962 2188 3008 pars
2212 2962 2320 2996 mea
2350 2946 2419 2996 est
2451 2964 2558 2997 meo

588 3047 835 3107 redempto
858 3060 993 3099 aere;
1016 3044 1232 3105 nunquid
1256 3058 1354 3090 non
1376 3040 1446 3090 est
1469 3058 1632 3090 meum
1656 3059 1736 3091 aes
1755 3045 1882 3105 quod
1904 3045 2050 3092 habui
2073 3051 2187 3093 ante
2210 3048 2456 3109 cognitum
2478 3049 2559 3095 ab·

589 3143 785 3191 batem?
821 3143 896 3190 vel
921 3144 1081 3205 paravi
1103 3140 1267 3204 postea
1299 3143 1420 3189 meis
1453 3141 1732 3190 sudoribus?
1782 3142 1978 3190 Rectius
2011 3143 2123 3191 sunt
2156 3141 2245 3192 ista
2275 3142 2559 3206 poss'effionis

586 3257 722 3290 meae
744 3257 887 3302 quam
910 3240 980 3289 est
1003 3242 1130 3303 quod
1153 3241 1371 3289 Adamus
1394 3242 1650 3289 divenditis
1674 3241 1888 3289 caulibus
1914 3239 1998 3289 fibi
2022 3243 2189 3290 crediti
2212 3242 2337 3290 horti
2362 3244 2557 3306 adaptat
