2938 3762
568 441 628 483 48
1191 434 1522 483 HISTORIA
1559 433 1903 482 ABBATUM

565 569 706 615 aedes
723 574 864 623 totas,
883 568 966 614 ubi
988 563 1108 613 solet
1128 564 1349 613 diverfizri
1364 564 1461 627 ipse
1476 566 1634 622 abbas,
1653 582 1683 613 a
1700 566 2025 613 fundamentis
2048 567 2291 621 excitavit,
2317 567 2540 615 adhibitis

562 669 613 714 in
637 667 846 714 inferiori
876 666 982 712 loco
1004 665 1182 725 ubique
1206 665 1478 720 fornicibus,
1502 666 1756 728 magnifica
1778 671 1829 712 et
1859 662 2027 712 illustri
2062 664 2304 713 stru&ura.
2374 665 2540 727 Atque

562 764 795 813 ustrinum
829 765 928 812 tale
962 766 1117 812 erexit
1140 765 1281 826 quale
1315 780 1412 811 non
1446 765 1587 812 facile
1610 766 1660 811 in
1685 764 1849 813 Scotia
1883 767 2116 826 reperias;
2148 771 2199 811 et
2232 759 2447 826 proxime
2482 767 2541 812 ad

562 863 793 911 ustrinum
838 861 1173 925 ampliffimum
1224 865 1420 911 domum
1468 863 1625 926 posuit
1670 866 1719 910 in
1765 880 1861 925 qua
1914 861 2162 911 braffeium
2207 871 2435 927 paratur3
2493 872 2543 910 et

562 963 800 1025 superiore
839 962 945 1010 loco
969 964 1064 1010 duo
1098 964 1268 1010 horrea
1301 963 1461 1024 ampla
1494 963 1646 1017 valde,
1687 963 1770 1010 ubi
1810 978 1958 1024 grana
1995 963 2056 1010 ad
2096 962 2232 1009 usum
2271 961 2541 1010 monasterii

563 1063 823 1110 servantur.
889 1062 1057 1123 thue
1081 1063 1377 1109 commodius
1400 1077 1511 1108 cum
1535 1061 1716 1123 lapides
1739 1067 1844 1108 tum
1870 1061 2001 1123 ligna
2023 1077 2050 1108 e
2073 1059 2393 1108 remotiffimis
2428 1063 2543 1110 locis

562 1163 621 1209 ad
653 1159 907 1208 structuras
942 1177 1058 1222 quas
1092 1162 1380 1208 moliebatur
1416 1162 1711 1222 importaret,
1754 1161 1945 1223 longam
1980 1162 2140 1208 navim
2175 1163 2359 1223 paravit
2394 1163 2542 1209 veluti

562 1264 777 1308 biremen
817 1276 939 1322 quae
986 1262 1156 1323 viginti
1191 1266 1396 1321 quatuor
1428 1261 1571 1307 remis
1605 1267 1839 1323 ageretur.
1926 1261 2073 1307 Anno
2114 1265 2238 1309 1540
2275 1263 2543 1309 aedificavit

562 1376 735 1408 navem
758 1360 928 1421 templi
953 1376 982 1406 a
1004 1358 1201 1406 Belloco
1236 1359 1488 1421 magnifice
1511 1375 1567 1407 ac
1590 1359 1864 1406 imbricibus
1885 1375 1948 1406 ex
1971 1375 2149 1420 quercu
2171 1363 2348 1421 paratis
2371 1377 2544 1423 magno

562 1459 768 1521 sumptu.
819 1459 1008 1505 Turrim
1022 1466 1269 1520 praeterea
1291 1474 1628 1520 campanarum
1652 1474 1795 1520 quam
1815 1457 2075 1506 decuss'erat
2097 1461 2282 1507 tonitru
2300 1461 2546 1523 eleganter

562 1557 784 1606 restituit.
853 1558 1000 1619 Anno
1025 1574 1135 1604 vero
1163 1561 1289 1604 1544
1321 1557 1578 1604 demolitus
1601 1555 1671 1604 est
1695 1558 1793 1604 illic
1817 1559 1959 1605 aedes
1981 1560 2149 1619 prioris
2173 1558 2382 1606 vetustas
2406 1558 2543 1607 fimul

561 1667 612 1705 et
657 1657 862 1712 rimosas,
897 1659 947 1704 in
982 1672 1183 1718 quarum
1223 1657 1383 1704 locum
1418 1658 1574 1704 erexit
1608 1654 1940 1717 ampliffimam
1974 1662 2025 1703 et
2060 1656 2290 1705 illustrem
2333 1659 2542 1712 domum,

564 1774 674 1804 cum
697 1756 779 1804 sex
803 1758 854 1803 in
877 1757 1100 1803 inferiore
1125 1756 1230 1803 loco
1254 1757 1525 1803 fornicibus.

628 1858 775 1904 Anno
803 1860 942 1911 1540,
966 1854 1050 1902 sub
1073 1855 1105 1903 J
1108 1857 1256 1903 acobo
1280 1856 1382 1917 ejus
1399 1857 1605 1902 nominis
1628 1858 1797 1917 quinto
1823 1856 2077 1903 Scotorum
2101 1857 2250 1919 Rege,
2278 1858 2545 1905 declaratus

563 1957 632 2005 est
649 1965 699 2004 et
717 1954 940 2004 inunctus
963 1955 1207 2018 episcopus
1226 1953 1570 2011 Orchadenfis;
1594 1957 1677 2003 ubi
1701 1957 1915 2016 quotidie
1938 1956 2093 2004 multa
2115 1963 2251 2018 parat
2275 1959 2334 2004 ad
2359 1965 2544 2006 veteres

564 2037 880 2104 restituendas
914 2053 1170 2102 structuras
1193 2062 1243 2101 et
1277 2070 1424 2102 novas
1459 2057 1577 2101 item
1612 2055 1942 2102 aedificandas.
2013 2055 2145 2102 Dum
2180 2072 2268 2119 ego
2299 2058 2543 2105 haererem

566 2160 614 2203 in
663 2156 848 2210 Galliis,
889 2156 948 2201 ad
994 2160 1330 2201 ornamentum
1371 2153 1480 2200 suae
1524 2155 1692 2200 domus
1729 2170 1758 2200 a
1797 2152 2005 2215 Kynlos·
2035 2155 2236 2201 adduxit
2283 2172 2310 2202 e
2358 2156 2546 2218 Dieppa

568 2258 721 2302 virum
744 2256 923 2302 bonum
948 2261 998 2300 et
1021 2260 1186 2300 tamen
1214 2255 1423 2315 peritum
1446 2254 1697 2315 plantandi
1721 2260 1772 2300 et
1795 2252 2028 2300 inserendi
2053 2255 2316 2302 fructiferas
2341 2257 2544 2311 arbores,

566 2356 760 2401 nomine
783 2354 1081 2402 Gulielmum
1115 2353 1305 2408 Lubias,
1341 2351 1520 2400 statura
1553 2368 1803 2414 procerum
1839 2359 1889 2400 et
1913 2354 2102 2414 pectore
2137 2352 2545 2410 candidiffimum;

568 2471 680 2516 erga
701 2454 883 2515 optima
916 2469 1145 2514 quaeque,
1178 2469 1300 2513 quae
1328 2453 1485 2499 multa
1515 2454 1565 2498 in
1596 2453 1669 2499 his
1701 2453 1851 2499 hortis
1889 2459 1940 2499 et
1971 2455 2097 2500 circa
2129 2453 2301 2509 locum,
2340 2456 2461 2501 adde
2496 2463 2550 2502 et

568 2553 833 2600 universam
881 2553 1150 2600 Moraviam
1197 2552 1357 2599 effecit
1408 2551 1547 2598 utilia
1592 2552 1730 2598 valde
1785 2558 1930 2612 atque
1979 2551 2191 2613 spectatu
2245 2551 2509 2615 digniffima
2534 2571 2545 2609 ;

569 2653 688 2700 nihil
733 2654 862 2699 enim
909 2650 978 2698 est
1023 2653 1150 2712 quod
1194 2649 1335 2713 poffis
1381 2653 1430 2698 in
1476 2651 1689 2712 preclaro
1735 2657 1785 2698 et
1824 2649 2015 2698 strenuo
2052 2652 2246 2699 homine
2286 2650 2547 2701 defiderare

569 2752 774 2814 amplius
791 2750 877 2798 nifi
893 2757 1077 2799 careret
1092 2752 1243 2798 altero
1259 2752 1394 2812 pede,
1415 2766 1557 2811 quem
1575 2751 1671 2797 iau
1687 2751 1976 2797 bombardae
1995 2751 2107 2796 dum
2124 2766 2270 2812 prope
2291 2750 2547 2800 Maffiliam

570 2851 653 2897 sub
675 2849 758 2897 suo
779 2867 892 2913 rege
916 2848 1164 2897 Francisco
1198 2850 1300 2910 ejus
1334 2850 1540 2896 nominis
1574 2850 1727 2910 primo
1762 2850 1811 2895 in
1846 2849 1974 2895 bello
2008 2849 2166 2896 navali
2196 2849 2416 2898 adversus
2441 2851 2549 2898 His-

571 2965 717 3011 panos
751 2956 933 3012 pugnat
968 2946 1301 3003 ardentiffime,
1337 2946 1523 2995 amifit:
1562 2945 1632 2994 est
1666 2949 1812 2994 ctiam
1846 2949 2028 3009 peritus
2063 2949 2340 3011 chirurgiae,
2377 2957 2431 2996 ut
2467 2953 2546 3010 qui

572 3049 750 3095 multos
776 3050 959 3110 juverit
981 3051 1030 3095 in
1055 3048 1321 3110 obligandis
1357 3047 1633 3095 mineribus
1656 3054 1761 3093 toto
1785 3047 1874 3094 hoc
1898 3049 2223 3108 quinquennio
2254 3064 2339 3109 per
2362 3050 2549 3094 univer-

573 3147 670 3194 sam
696 3147 977 3194 Moraviam.

640 3246 744 3308 Ego
779 3262 903 3302 vero,
940 3263 1049 3294 cum
1084 3248 1249 3294 multis
1284 3247 1502 3308 precibus
1543 3253 1594 3294 et
1629 3232 1779 3294 literis
1821 3246 2030 3309 ejusdem
2065 3249 2251 3295 abbatis
2286 3257 2548 3304 revocatus,
