<?xml version="1.0" encoding="UTF-8"?>
<!DOCTYPE html PUBLIC "-//W3C//DTD XHTML 1.0 Transitional//EN"
    "http://www.w3.org/TR/xhtml1/DTD/xhtml1-transitional.dtd">
<html xmlns="http://www.w3.org/1999/xhtml" xml:lang="en" lang="en">
 <head>
  <title>
</title>
<meta http-equiv="Content-Type" content="text/html;charset=utf-8" />
  <meta name='ocr-system' content='tesseract 3.04.00' />
  <meta name='ocr-capabilities' content='ocr_page ocr_carea ocr_par ocr_line ocrx_word'/>
</head>
<body>
  <div class='ocr_page' id='page_1' title='image "./ferreriihistor6300ferruoft_0070.png"; bbox 0 0 2938 3762; ppageno 0'>
   <div class='ocr_carea' id='block_1_1' title="bbox 559 446 1903 497">
    <p class='ocr_par' dir='ltr' id='par_1_1' title="bbox 559 446 1903 497">
     <span class='ocr_line' id='line_1_1' title="bbox 559 446 1903 497; baseline -0.001 -1"><span class='ocrx_word' id='word_1_1' title='bbox 559 451 619 497; x_wconf 82' lang='lat'>36</span> <span class='ocrx_word' id='word_1_2' title='bbox 1193 446 1524 495; x_wconf 87' lang='lat' dir='ltr'>HISTORIA</span> <span class='ocrx_word' id='word_1_3' title='bbox 1559 446 1903 496; x_wconf 85' lang='lat' dir='ltr'>ABBATUM</span> 
     </span>
    </p>
   </div>
   <div class='ocr_carea' id='block_1_2' title="bbox 560 574 2540 3208">
    <p class='ocr_par' dir='ltr' id='par_1_2' title="bbox 560 574 2530 740">
     <span class='ocr_line' id='line_1_2' title="bbox 562 574 2530 644; baseline 0.002 -17"><span class='ocrx_word' id='word_1_4' title='bbox 562 579 830 627; x_wconf 85' lang='lat' dir='ltr'>declaratus</span> <span class='ocrx_word' id='word_1_5' title='bbox 853 575 922 626; x_wconf 89' lang='lat' dir='ltr'>est</span> <span class='ocrx_word' id='word_1_6' title='bbox 944 578 1089 625; x_wconf 84' lang='lat' dir='ltr'>abbas</span> <span class='ocrx_word' id='word_1_7' title='bbox 1113 574 1395 625; x_wconf 85' lang='lat' dir='ltr'>Monasterii</span> <span class='ocrx_word' id='word_1_8' title='bbox 1418 594 1447 625; x_wconf 89' lang='lat' dir='ltr'>a</span> <span class='ocrx_word' id='word_1_9' title='bbox 1470 578 1672 640; x_wconf 84' lang='lat' dir='ltr'>Kynlos,</span> <span class='ocrx_word' id='word_1_10' title='bbox 1695 578 1782 626; x_wconf 92' lang='lat' dir='ltr'>sub</span> <span class='ocrx_word' id='word_1_11' title='bbox 1806 578 2087 627; x_wconf 87' lang='lat' dir='ltr'>Alexandro</span> <span class='ocrx_word' id='word_1_12' title='bbox 2104 578 2287 628; x_wconf 91' lang='lat' dir='ltr'>summo</span> <span class='ocrx_word' id='word_1_13' title='bbox 2304 584 2530 644; x_wconf 88' lang='lat' dir='ltr'>pontifice</span> 
     </span>
     <span class='ocr_line' id='line_1_3' title="bbox 560 667 1059 740; baseline -0.006 -14"><span class='ocrx_word' id='word_1_14' title='bbox 560 680 661 740; x_wconf 90' lang='lat' dir='ltr'>ejus</span> <span class='ocrx_word' id='word_1_15' title='bbox 683 679 887 725; x_wconf 90' lang='lat' dir='ltr'>nominis</span> <span class='ocrx_word' id='word_1_16' title='bbox 912 667 1059 724; x_wconf 87' lang='lat' dir='ltr'>sexto.</span> 
     </span>
    </p>

    <p class='ocr_par' dir='ltr' id='par_1_3' title="bbox 560 773 2534 1332">
     <span class='ocr_line' id='line_1_4' title="bbox 625 773 2532 842; baseline 0.002 -19"><span class='ocrx_word' id='word_1_17' title='bbox 625 776 708 823; x_wconf 91' lang='lat' dir='ltr'>Ab</span> <span class='ocrx_word' id='word_1_18' title='bbox 731 791 787 823; x_wconf 93' lang='lat' dir='ltr'>eo</span> <span class='ocrx_word' id='word_1_19' title='bbox 811 781 1028 837; x_wconf 90' lang='lat' dir='ltr'>tempore</span> <span class='ocrx_word' id='word_1_20' title='bbox 1047 773 1122 834; x_wconf 89' lang='lat' dir='ltr'>(ut</span> <span class='ocrx_word' id='word_1_21' title='bbox 1145 775 1289 823; x_wconf 86' lang='lat' dir='ltr'>latius</span> <span class='ocrx_word' id='word_1_22' title='bbox 1313 775 1541 838; x_wconf 88' lang='lat' dir='ltr'>scriptum</span> <span class='ocrx_word' id='word_1_23' title='bbox 1575 774 1646 824; x_wconf 88' lang='lat' dir='ltr'>est</span> <span class='ocrx_word' id='word_1_24' title='bbox 1669 794 1698 824; x_wconf 90' lang='lat' dir='ltr'>a</span> <span class='ocrx_word' id='word_1_25' title='bbox 1719 778 1858 825; x_wconf 92' lang='lat' dir='ltr'>nobis</span> <span class='ocrx_word' id='word_1_26' title='bbox 1880 780 1929 824; x_wconf 92' lang='lat' dir='ltr'>in</span> <span class='ocrx_word' id='word_1_27' title='bbox 1959 776 2101 840; x_wconf 79' lang='lat' dir='ltr'>ipsius</span> <span class='ocrx_word' id='word_1_28' title='bbox 2133 781 2251 842; x_wconf 88' lang='lat' dir='ltr'>vita)</span> <span class='ocrx_word' id='word_1_29' title='bbox 2288 782 2337 826; x_wconf 91' lang='lat' dir='ltr'>in</span> <span class='ocrx_word' id='word_1_30' title='bbox 2361 778 2532 827; x_wconf 85' lang='lat' dir='ltr'>consti-</span> 
     </span>
     <span class='ocr_line' id='line_1_5' title="bbox 562 871 2532 932; baseline 0.002 -11"><span class='ocrx_word' id='word_1_31' title='bbox 562 875 740 921; x_wconf 91' lang='lat' dir='ltr'>tuendo</span> <span class='ocrx_word' id='word_1_32' title='bbox 774 871 1071 928; x_wconf 85' lang='lat' dir='ltr'>monasterio,</span> <span class='ocrx_word' id='word_1_33' title='bbox 1107 875 1158 921; x_wconf 90' lang='lat' dir='ltr'>in</span> <span class='ocrx_word' id='word_1_34' title='bbox 1192 873 1564 922; x_wconf 86' lang='lat' dir='ltr'>adversariorum</span> <span class='ocrx_word' id='word_1_35' title='bbox 1599 878 1923 932; x_wconf 81' lang='lat' dir='ltr'>contentione,</span> <span class='ocrx_word' id='word_1_36' title='bbox 1961 879 2012 923; x_wconf 92' lang='lat' dir='ltr'>in</span> <span class='ocrx_word' id='word_1_37' title='bbox 2046 876 2362 926; x_wconf 88' lang='lat' dir='ltr'>instaurandis</span> <span class='ocrx_word' id='word_1_38' title='bbox 2396 886 2532 926; x_wconf 86' lang='lat' dir='ltr'>vetu-</span> 
     </span>
     <span class='ocr_line' id='line_1_6' title="bbox 561 970 2530 1035; baseline 0.003 -16"><span class='ocrx_word' id='word_1_39' title='bbox 561 971 681 1019; x_wconf 90' lang='lat' dir='ltr'>state</span> <span class='ocrx_word' id='word_1_40' title='bbox 698 970 880 1020; x_wconf 77' lang='lat' dir='ltr'>rimosis</span> <span class='ocrx_word' id='word_1_41' title='bbox 897 973 1135 1028; x_wconf 86' lang='lat' dir='ltr'>aedificiis,</span> <span class='ocrx_word' id='word_1_42' title='bbox 1159 974 1209 1020; x_wconf 90' lang='lat' dir='ltr'>in</span> <span class='ocrx_word' id='word_1_43' title='bbox 1224 975 1457 1035; x_wconf 91' lang='lat' dir='ltr'>ponendis</span> <span class='ocrx_word' id='word_1_44' title='bbox 1481 980 1531 1021; x_wconf 93' lang='lat' dir='ltr'>et</span> <span class='ocrx_word' id='word_1_45' title='bbox 1555 976 1822 1021; x_wconf 82' lang='lat' dir='ltr'>excitandis</span> <span class='ocrx_word' id='word_1_46' title='bbox 1840 977 1976 1022; x_wconf 87' lang='lat' dir='ltr'>novis</span> <span class='ocrx_word' id='word_1_47' title='bbox 1994 977 2204 1032; x_wconf 90' lang='lat' dir='ltr'>aedibus,</span> <span class='ocrx_word' id='word_1_48' title='bbox 2228 979 2278 1024; x_wconf 91' lang='lat' dir='ltr'>in</span> <span class='ocrx_word' id='word_1_49' title='bbox 2302 979 2530 1031; x_wconf 87' lang='lat' dir='ltr'>emendis,</span> 
     </span>
     <span class='ocr_line' id='line_1_7' title="bbox 560 1070 2532 1137; baseline 0.003 -20"><span class='ocrx_word' id='word_1_50' title='bbox 560 1086 669 1118; x_wconf 92' lang='lat' dir='ltr'>cum</span> <span class='ocrx_word' id='word_1_51' title='bbox 703 1073 764 1119; x_wconf 89' lang='lat' dir='ltr'>ad</span> <span class='ocrx_word' id='word_1_52' title='bbox 798 1071 934 1118; x_wconf 90' lang='lat' dir='ltr'>usum</span> <span class='ocrx_word' id='word_1_53' title='bbox 966 1070 1075 1119; x_wconf 86' lang='lat' dir='ltr'>suae</span> <span class='ocrx_word' id='word_1_54' title='bbox 1110 1072 1319 1119; x_wconf 86' lang='lat' dir='ltr'>familiae</span> <span class='ocrx_word' id='word_1_55' title='bbox 1355 1079 1461 1119; x_wconf 92' lang='lat' dir='ltr'>tum</span> <span class='ocrx_word' id='word_1_56' title='bbox 1495 1071 1824 1128; x_wconf 85' lang='lat' dir='ltr'>sacrificorum,</span> <span class='ocrx_word' id='word_1_57' title='bbox 1864 1072 1983 1120; x_wconf 80' lang='lat' dir='ltr'>vasis</span> <span class='ocrx_word' id='word_1_58' title='bbox 2023 1077 2261 1137; x_wconf 84' lang='lat' dir='ltr'>argenteis</span> <span class='ocrx_word' id='word_1_59' title='bbox 2302 1081 2353 1122; x_wconf 90' lang='lat' dir='ltr'>et</span> <span class='ocrx_word' id='word_1_60' title='bbox 2392 1076 2532 1124; x_wconf 84' lang='lat' dir='ltr'>sacris</span> 
     </span>
     <span class='ocr_line' id='line_1_8' title="bbox 561 1168 2534 1237; baseline 0.004 -22"><span class='ocrx_word' id='word_1_61' title='bbox 561 1168 779 1226; x_wconf 89' lang='lat' dir='ltr'>vestibus,</span> <span class='ocrx_word' id='word_1_62' title='bbox 814 1173 865 1218; x_wconf 93' lang='lat' dir='ltr'>in</span> <span class='ocrx_word' id='word_1_63' title='bbox 899 1173 1124 1234; x_wconf 82' lang='lat' dir='ltr'>cogendis</span> <span class='ocrx_word' id='word_1_64' title='bbox 1157 1171 1340 1233; x_wconf 85' lang='lat' dir='ltr'>aliquot</span> <span class='ocrx_word' id='word_1_65' title='bbox 1374 1169 1589 1233; x_wconf 82' lang='lat' dir='ltr'>collapsis</span> <span class='ocrx_word' id='word_1_66' title='bbox 1622 1173 1866 1220; x_wconf 91' lang='lat' dir='ltr'>monachis</span> <span class='ocrx_word' id='word_1_67' title='bbox 1900 1174 1950 1219; x_wconf 91' lang='lat' dir='ltr'>in</span> <span class='ocrx_word' id='word_1_68' title='bbox 1974 1174 2202 1229; x_wconf 89' lang='lat' dir='ltr'>ordinem,</span> <span class='ocrx_word' id='word_1_69' title='bbox 2228 1181 2278 1221; x_wconf 90' lang='lat' dir='ltr'>et</span> <span class='ocrx_word' id='word_1_70' title='bbox 2302 1176 2348 1222; x_wconf 91' lang='lat' dir='ltr'>id</span> <span class='ocrx_word' id='word_1_71' title='bbox 2382 1191 2534 1237; x_wconf 83' lang='lat' dir='ltr'>genus</span> 
     </span>
     <span class='ocr_line' id='line_1_9' title="bbox 562 1270 1332 1332; baseline 0 -16"><span class='ocrx_word' id='word_1_72' title='bbox 562 1270 666 1317; x_wconf 85' lang='lat' dir='ltr'>aliis</span> <span class='ocrx_word' id='word_1_73' title='bbox 688 1285 812 1332; x_wconf 90' lang='lat' dir='ltr'>pene</span> <span class='ocrx_word' id='word_1_74' title='bbox 835 1271 1047 1325; x_wconf 89' lang='lat' dir='ltr'>infinitis,</span> <span class='ocrx_word' id='word_1_75' title='bbox 1071 1277 1204 1317; x_wconf 90' lang='lat' dir='ltr'>totus</span> <span class='ocrx_word' id='word_1_76' title='bbox 1226 1271 1332 1318; x_wconf 88' lang='lat' dir='ltr'>fuit.</span> 
     </span>
    </p>

    <p class='ocr_par' dir='ltr' id='par_1_4' title="bbox 560 1368 2538 1925">
     <span class='ocr_line' id='line_1_10' title="bbox 625 1368 2532 1433; baseline 0.002 -18"><span class='ocrx_word' id='word_1_77' title='bbox 625 1368 703 1416; x_wconf 90' lang='lat' dir='ltr'>Ac</span> <span class='ocrx_word' id='word_1_78' title='bbox 742 1385 852 1416; x_wconf 91' lang='lat' dir='ltr'>cum</span> <span class='ocrx_word' id='word_1_79' title='bbox 887 1371 1072 1416; x_wconf 84' lang='lat' dir='ltr'>videret</span> <span class='ocrx_word' id='word_1_80' title='bbox 1105 1370 1166 1416; x_wconf 88' lang='lat' dir='ltr'>ab</span> <span class='ocrx_word' id='word_1_81' title='bbox 1207 1375 1366 1417; x_wconf 85' lang='lat' dir='ltr'>aetate</span> <span class='ocrx_word' id='word_1_82' title='bbox 1406 1368 1455 1416; x_wconf 96' lang='lat' dir='ltr'>se</span> <span class='ocrx_word' id='word_1_83' title='bbox 1489 1371 1540 1416; x_wconf 92' lang='lat' dir='ltr'>in</span> <span class='ocrx_word' id='word_1_84' title='bbox 1579 1385 1905 1420; x_wconf 89' lang='lat' dir='ltr'>communem.</span> <span class='ocrx_word' id='word_1_85' title='bbox 1926 1376 2131 1417; x_wconf 91' lang='lat' dir='ltr'>mortem</span> <span class='ocrx_word' id='word_1_86' title='bbox 2172 1387 2435 1433; x_wconf 87' lang='lat' dir='ltr'>properare,</span> <span class='ocrx_word' id='word_1_87' title='bbox 2477 1380 2532 1419; x_wconf 93' lang='lat' dir='ltr'>ut</span> 
     </span>
     <span class='ocr_line' id='line_1_11' title="bbox 561 1467 2533 1531; baseline 0.001 -16"><span class='ocrx_word' id='word_1_88' title='bbox 561 1469 654 1516; x_wconf 90' lang='lat' dir='ltr'>suis</span> <span class='ocrx_word' id='word_1_89' title='bbox 686 1471 736 1516; x_wconf 92' lang='lat' dir='ltr'>in</span> <span class='ocrx_word' id='word_1_90' title='bbox 771 1470 962 1531; x_wconf 87' lang='lat' dir='ltr'>longam</span> <span class='ocrx_word' id='word_1_91' title='bbox 1003 1475 1212 1516; x_wconf 83' lang='lat' dir='ltr'>aetatem</span> <span class='ocrx_word' id='word_1_92' title='bbox 1252 1467 1520 1516; x_wconf 82' lang='lat' dir='ltr'>consuleret</span> <span class='ocrx_word' id='word_1_93' title='bbox 1554 1469 1807 1524; x_wconf 86' lang='lat' dir='ltr'>laboribus,</span> <span class='ocrx_word' id='word_1_94' title='bbox 1843 1485 1968 1516; x_wconf 88' lang='lat' dir='ltr'>anno</span> <span class='ocrx_word' id='word_1_95' title='bbox 2006 1471 2067 1517; x_wconf 91' lang='lat'>60</span> <span class='ocrx_word' id='word_1_96' title='bbox 2101 1468 2349 1531; x_wconf 88' lang='lat' dir='ltr'>postquam</span> <span class='ocrx_word' id='word_1_97' title='bbox 2389 1477 2533 1518; x_wconf 89' lang='lat' dir='ltr'>natus</span> 
     </span>
     <span class='ocr_line' id='line_1_12' title="bbox 562 1564 2531 1623; baseline 0.001 -8"><span class='ocrx_word' id='word_1_98' title='bbox 562 1574 677 1623; x_wconf 85' lang='lat' dir='ltr'>erat,</span> <span class='ocrx_word' id='word_1_99' title='bbox 719 1569 874 1614; x_wconf 83' lang='lat' dir='ltr'>virum</span> <span class='ocrx_word' id='word_1_100' title='bbox 919 1568 1140 1614; x_wconf 90' lang='lat' dir='ltr'>omnibus</span> <span class='ocrx_word' id='word_1_101' title='bbox 1184 1568 1338 1614; x_wconf 91' lang='lat' dir='ltr'>modis</span> <span class='ocrx_word' id='word_1_102' title='bbox 1378 1564 1812 1623; x_wconf 85' lang='lat' dir='ltr'>celebratiffimum,</span> <span class='ocrx_word' id='word_1_103' title='bbox 1847 1573 1898 1615; x_wconf 90' lang='lat' dir='ltr'>et</span> <span class='ocrx_word' id='word_1_104' title='bbox 1939 1566 2179 1616; x_wconf 82' lang='lat' dir='ltr'>Ecclesiae</span> <span class='ocrx_word' id='word_1_105' title='bbox 2219 1568 2531 1617; x_wconf 84' lang='lat' dir='ltr'>Moravienfis</span> 
     </span>
     <span class='ocr_line' id='line_1_13' title="bbox 560 1665 2538 1728; baseline 0.003 -15"><span class='ocrx_word' id='word_1_106' title='bbox 560 1666 902 1713; x_wconf 88' lang='lat' dir='ltr'>sub-decanum</span> <span class='ocrx_word' id='word_1_107' title='bbox 936 1666 1008 1712; x_wconf 90' lang='lat' dir='ltr'>M.</span> <span class='ocrx_word' id='word_1_108' title='bbox 1045 1666 1313 1713; x_wconf 86' lang='lat' dir='ltr'>Robertum</span> <span class='ocrx_word' id='word_1_109' title='bbox 1349 1665 1487 1720; x_wconf 89' lang='lat' dir='ltr'>Reid,</span> <span class='ocrx_word' id='word_1_110' title='bbox 1522 1681 1651 1713; x_wconf 89' lang='lat' dir='ltr'>nunc</span> <span class='ocrx_word' id='word_1_111' title='bbox 1686 1665 2037 1714; x_wconf 80' lang='lat' dir='ltr'>Maecaenatem</span> <span class='ocrx_word' id='word_1_112' title='bbox 2071 1687 2135 1727; x_wconf 77' lang='lat' dir='ltr'>Ab</span> <span class='ocrx_word' id='word_1_113' title='bbox 2153 1702 2250 1727; x_wconf 80' lang='lat' dir='ltr'>anno</span> <span class='ocrx_word' id='word_1_114' title='bbox 2274 1691 2374 1727; x_wconf 83' lang='lat'>1528</span> <span class='ocrx_word' id='word_1_115' title='bbox 2394 1690 2441 1727; x_wconf 79' lang='lat' dir='ltr'>ad</span> <span class='ocrx_word' id='word_1_116' title='bbox 2469 1703 2538 1728; x_wconf 76' lang='lat' dir='ltr'>an-</span> 
     </span>
     <span class='ocr_line' id='line_1_14' title="bbox 561 1762 2536 1827; baseline 0.002 -16"><span class='ocrx_word' id='word_1_117' title='bbox 561 1781 736 1821; x_wconf 93' lang='lat' dir='ltr'>meum,</span> <span class='ocrx_word' id='word_1_118' title='bbox 777 1766 828 1811; x_wconf 90' lang='lat' dir='ltr'>in</span> <span class='ocrx_word' id='word_1_119' title='bbox 866 1765 1083 1811; x_wconf 81' lang='lat' dir='ltr'>futurum</span> <span class='ocrx_word' id='word_1_120' title='bbox 1124 1765 1347 1812; x_wconf 87' lang='lat' dir='ltr'>abbatem</span> <span class='ocrx_word' id='word_1_121' title='bbox 1387 1764 1580 1827; x_wconf 86' lang='lat' dir='ltr'>delegit.</span> <span class='ocrx_word' id='word_1_122' title='bbox 1615 1762 1729 1811; x_wconf 88' lang='lat' dir='ltr'>Post</span> <span class='ocrx_word' id='word_1_123' title='bbox 1767 1763 2035 1813; x_wconf 73' lang='lat' dir='ltr'>successoris</span> <span class='ocrx_word' id='word_1_124' title='bbox 2068 1787 2159 1812; x_wconf 89' lang='lat' dir='ltr'>num</span> <span class='ocrx_word' id='word_1_125' title='bbox 2182 1778 2282 1813; x_wconf 88' lang='lat'>1539</span> <span class='ocrx_word' id='word_1_126' title='bbox 2312 1781 2351 1813; x_wconf 83' lang='lat' dir='ltr'>et</span> <span class='ocrx_word' id='word_1_127' title='bbox 2377 1775 2536 1827; x_wconf 80' lang='lat' dir='ltr'>amplius</span> 
     </span>
     <span class='ocr_line' id='line_1_15' title="bbox 561 1860 2424 1925; baseline 0.001 -15"><span class='ocrx_word' id='word_1_128' title='bbox 561 1864 856 1919; x_wconf 67' lang='lat' dir='ltr'>elefitionem,</span> <span class='ocrx_word' id='word_1_129' title='bbox 892 1879 1040 1911; x_wconf 91' lang='lat' dir='ltr'>annos</span> <span class='ocrx_word' id='word_1_130' title='bbox 1074 1863 1182 1925; x_wconf 91' lang='lat' dir='ltr'>plus</span> <span class='ocrx_word' id='word_1_131' title='bbox 1214 1865 1373 1910; x_wconf 89' lang='lat' dir='ltr'>minus</span> <span class='ocrx_word' id='word_1_132' title='bbox 1406 1862 1590 1924; x_wconf 86' lang='lat' dir='ltr'>septem</span> <span class='ocrx_word' id='word_1_133' title='bbox 1624 1865 1761 1910; x_wconf 84' lang='lat' dir='ltr'>vixit.</span> <span class='ocrx_word' id='word_1_134' title='bbox 2072 1860 2102 1898; x_wconf 82' lang='lat' dir='ltr'>si</span> <span class='ocrx_word' id='word_1_135' title='bbox 2122 1861 2273 1899; x_wconf 77' lang='lat' dir='ltr'>faveant</span> <span class='ocrx_word' id='word_1_136' title='bbox 2290 1861 2424 1912; x_wconf 77' lang='lat' dir='ltr'>superi,</span> 
     </span>
    </p>

    <p class='ocr_par' dir='ltr' id='par_1_5' title="bbox 562 1960 2534 2208">
     <span class='ocr_line' id='line_1_16' title="bbox 627 1960 2530 2024; baseline 0.002 -16"><span class='ocrx_word' id='word_1_137' title='bbox 627 1962 688 2010; x_wconf 92' lang='lat' dir='ltr'>In</span> <span class='ocrx_word' id='word_1_138' title='bbox 726 1961 922 2018; x_wconf 86' lang='lat' dir='ltr'>summa,</span> <span class='ocrx_word' id='word_1_139' title='bbox 964 1964 1025 2010; x_wconf 87' lang='lat' dir='ltr'>ab</span> <span class='ocrx_word' id='word_1_140' title='bbox 1065 1978 1122 2009; x_wconf 93' lang='lat' dir='ltr'>eo</span> <span class='ocrx_word' id='word_1_141' title='bbox 1167 1978 1292 2009; x_wconf 90' lang='lat' dir='ltr'>anno</span> <span class='ocrx_word' id='word_1_142' title='bbox 1332 1978 1426 2023; x_wconf 91' lang='lat' dir='ltr'>quo</span> <span class='ocrx_word' id='word_1_143' title='bbox 1466 1963 1674 2024; x_wconf 91' lang='lat' dir='ltr'>primum</span> <span class='ocrx_word' id='word_1_144' title='bbox 1719 1963 1878 2010; x_wconf 87' lang='lat' dir='ltr'>editus</span> <span class='ocrx_word' id='word_1_145' title='bbox 1915 1960 1984 2010; x_wconf 87' lang='lat' dir='ltr'>est</span> <span class='ocrx_word' id='word_1_146' title='bbox 2022 1965 2073 2010; x_wconf 91' lang='lat' dir='ltr'>in</span> <span class='ocrx_word' id='word_1_147' title='bbox 2112 1964 2271 2011; x_wconf 91' lang='lat' dir='ltr'>lucem</span> <span class='ocrx_word' id='word_1_148' title='bbox 2310 1965 2530 2011; x_wconf 87' lang='lat' dir='ltr'>dominus</span> 
     </span>
     <span class='ocr_line' id='line_1_17' title="bbox 562 2059 2534 2123; baseline 0.001 -14"><span class='ocrx_word' id='word_1_149' title='bbox 562 2061 780 2117; x_wconf 74' lang='lat' dir='ltr'>Thomas,</span> <span class='ocrx_word' id='word_1_150' title='bbox 823 2062 882 2109; x_wconf 91' lang='lat' dir='ltr'>ad</span> <span class='ocrx_word' id='word_1_151' title='bbox 923 2067 1195 2108; x_wconf 85' lang='lat' dir='ltr'>extremum</span> <span class='ocrx_word' id='word_1_152' title='bbox 1229 2062 1358 2108; x_wconf 87' lang='lat' dir='ltr'>vitae</span> <span class='ocrx_word' id='word_1_153' title='bbox 1398 2062 1540 2116; x_wconf 91' lang='lat' dir='ltr'>diem,</span> <span class='ocrx_word' id='word_1_154' title='bbox 1578 2063 1725 2108; x_wconf 89' lang='lat' dir='ltr'>etiam</span> <span class='ocrx_word' id='word_1_155' title='bbox 1765 2060 1909 2123; x_wconf 81' lang='lat' dir='ltr'>ipsius</span> <span class='ocrx_word' id='word_1_156' title='bbox 1944 2059 2243 2117; x_wconf 87' lang='lat' dir='ltr'>confeffione‚</span> <span class='ocrx_word' id='word_1_157' title='bbox 2283 2079 2433 2110; x_wconf 90' lang='lat' dir='ltr'>annos</span> <span class='ocrx_word' id='word_1_158' title='bbox 2472 2066 2534 2114; x_wconf 88' lang='lat'>67</span> 
     </span>
     <span class='ocr_line' id='line_1_18' title="bbox 568 2159 779 2208; baseline 0 -1"><span class='ocrx_word' id='word_1_159' title='bbox 568 2159 779 2208; x_wconf 82' lang='lat' dir='ltr'>absolvit.</span> 
     </span>
    </p>

    <p class='ocr_par' dir='ltr' id='par_1_6' title="bbox 564 2257 2534 2420">
     <span class='ocr_line' id='line_1_19' title="bbox 625 2257 2529 2321; baseline 0 -15"><span class='ocrx_word' id='word_1_160' title='bbox 625 2259 787 2306; x_wconf 86' lang='lat' dir='ltr'>Tertio</span> <span class='ocrx_word' id='word_1_161' title='bbox 823 2264 986 2306; x_wconf 87' lang='lat' dir='ltr'>autem</span> <span class='ocrx_word' id='word_1_162' title='bbox 1026 2258 1127 2306; x_wconf 88' lang='lat' dir='ltr'>Cal.</span> <span class='ocrx_word' id='word_1_163' title='bbox 1168 2258 1385 2306; x_wconf 87' lang='lat' dir='ltr'>Januarii</span> <span class='ocrx_word' id='word_1_164' title='bbox 1423 2258 1611 2305; x_wconf 87' lang='lat' dir='ltr'>delatus</span> <span class='ocrx_word' id='word_1_165' title='bbox 1650 2259 1710 2305; x_wconf 85' lang='lat' dir='ltr'>ad</span> <span class='ocrx_word' id='word_1_166' title='bbox 1750 2257 2099 2306; x_wconf 86' lang='lat' dir='ltr'>Monasterium</span> <span class='ocrx_word' id='word_1_167' title='bbox 2138 2275 2167 2307; x_wconf 88' lang='lat' dir='ltr'>a</span> <span class='ocrx_word' id='word_1_168' title='bbox 2202 2259 2404 2321; x_wconf 86' lang='lat' dir='ltr'>Kynlos,</span> <span class='ocrx_word' id='word_1_169' title='bbox 2444 2259 2529 2307; x_wconf 88' lang='lat' dir='ltr'>sub</span> 
     </span>
     <span class='ocr_line' id='line_1_20' title="bbox 564 2354 2534 2420; baseline 0.001 -16"><span class='ocrx_word' id='word_1_170' title='bbox 564 2359 751 2404; x_wconf 66' lang='lat' dir='ltr'>noctem</span> <span class='ocrx_word' id='word_1_171' title='bbox 773 2359 825 2404; x_wconf 91' lang='lat' dir='ltr'>in</span> <span class='ocrx_word' id='word_1_172' title='bbox 847 2356 1093 2419; x_wconf 90' lang='lat' dir='ltr'>sepulchro</span> <span class='ocrx_word' id='word_1_173' title='bbox 1116 2373 1145 2404; x_wconf 85' lang='lat' dir='ltr'>a</span> <span class='ocrx_word' id='word_1_174' title='bbox 1165 2355 1214 2403; x_wconf 89' lang='lat' dir='ltr'>se</span> <span class='ocrx_word' id='word_1_175' title='bbox 1232 2354 1492 2403; x_wconf 92' lang='lat' dir='ltr'>constituto</span> <span class='ocrx_word' id='word_1_176' title='bbox 1508 2358 1725 2418; x_wconf 83' lang='lat' dir='ltr'>proxime</span> <span class='ocrx_word' id='word_1_177' title='bbox 1742 2359 1802 2404; x_wconf 91' lang='lat' dir='ltr'>ad</span> <span class='ocrx_word' id='word_1_178' title='bbox 1819 2356 2052 2405; x_wconf 91' lang='lat' dir='ltr'>summam</span> <span class='ocrx_word' id='word_1_179' title='bbox 2069 2374 2199 2405; x_wconf 86' lang='lat' dir='ltr'>aram</span> <span class='ocrx_word' id='word_1_180' title='bbox 2218 2357 2430 2420; x_wconf 91' lang='lat' dir='ltr'>sepultus</span> <span class='ocrx_word' id='word_1_181' title='bbox 2448 2358 2534 2406; x_wconf 90' lang='lat' dir='ltr'>est.</span> 
     </span>
    </p>

    <p class='ocr_par' dir='ltr' id='par_1_7' title="bbox 565 2455 2536 2609">
     <span class='ocr_line' id='line_1_21' title="bbox 630 2455 2536 2518; baseline 0.001 -15"><span class='ocrx_word' id='word_1_182' title='bbox 630 2457 764 2504; x_wconf 92' lang='lat' dir='ltr'>Obiit</span> <span class='ocrx_word' id='word_1_183' title='bbox 804 2456 1040 2518; x_wconf 85' lang='lat' dir='ltr'>Strathily</span> <span class='ocrx_word' id='word_1_184' title='bbox 1085 2472 1142 2503; x_wconf 84' lang='lat' dir='ltr'>ea</span> <span class='ocrx_word' id='word_1_185' title='bbox 1187 2457 1339 2510; x_wconf 69' lang='lat' dir='ltr'>no&amp;e,</span> <span class='ocrx_word' id='word_1_186' title='bbox 1375 2471 1497 2516; x_wconf 90' lang='lat' dir='ltr'>quae</span> <span class='ocrx_word' id='word_1_187' title='bbox 1540 2455 1753 2516; x_wconf 91' lang='lat' dir='ltr'>sequitur</span> <span class='ocrx_word' id='word_1_188' title='bbox 1798 2460 1828 2502; x_wconf 87' lang='lat'>4</span> <span class='ocrx_word' id='word_1_189' title='bbox 1876 2456 1977 2503; x_wconf 85' lang='lat' dir='ltr'>Gal.</span> <span class='ocrx_word' id='word_1_190' title='bbox 2017 2456 2248 2512; x_wconf 87' lang='lat' dir='ltr'>Januarii,</span> <span class='ocrx_word' id='word_1_191' title='bbox 2289 2458 2405 2504; x_wconf 85' lang='lat' dir='ltr'>hora</span> <span class='ocrx_word' id='word_1_192' title='bbox 2439 2460 2536 2505; x_wconf 88' lang='lat' dir='ltr'>fere</span> 
     </span>
     <span class='ocr_line' id='line_1_22' title="bbox 565 2555 1365 2609; baseline 0 -8"><span class='ocrx_word' id='word_1_193' title='bbox 565 2556 826 2609; x_wconf 87' lang='lat' dir='ltr'>undecima,</span> <span class='ocrx_word' id='word_1_194' title='bbox 852 2571 976 2603; x_wconf 88' lang='lat' dir='ltr'>anno</span> <span class='ocrx_word' id='word_1_195' title='bbox 1001 2555 1199 2602; x_wconf 90' lang='lat' dir='ltr'>Domini</span> <span class='ocrx_word' id='word_1_196' title='bbox 1225 2559 1365 2602; x_wconf 84' lang='lat'>1535.</span> 
     </span>
    </p>

    <p class='ocr_par' dir='ltr' id='par_1_8' title="bbox 565 2631 2540 3208">
     <span class='ocr_line' id='line_1_23' title="bbox 633 2631 2538 2716; baseline 0.002 -18"><span class='ocrx_word' id='word_1_197' title='bbox 633 2631 792 2715; x_wconf 84' lang='lat' dir='ltr'>Hujus</span> <span class='ocrx_word' id='word_1_198' title='bbox 831 2654 1016 2701; x_wconf 89' lang='lat' dir='ltr'>abbatis</span> <span class='ocrx_word' id='word_1_199' title='bbox 1055 2660 1285 2716; x_wconf 87' lang='lat' dir='ltr'>tempore,</span> <span class='ocrx_word' id='word_1_200' title='bbox 1326 2655 1547 2700; x_wconf 88' lang='lat' dir='ltr'>dominus</span> <span class='ocrx_word' id='word_1_201' title='bbox 1580 2653 1613 2700; x_wconf 91' lang='lat' dir='ltr'><strong>J</strong></span> <span class='ocrx_word' id='word_1_202' title='bbox 1615 2669 1793 2701; x_wconf 88' lang='lat' dir='ltr'>oannes</span> <span class='ocrx_word' id='word_1_203' title='bbox 1829 2654 2115 2710; x_wconf 87' lang='lat' dir='ltr'>Gordonius,</span> <span class='ocrx_word' id='word_1_204' title='bbox 2157 2656 2344 2701; x_wconf 90' lang='lat' dir='ltr'>comitis</span> <span class='ocrx_word' id='word_1_205' title='bbox 2386 2654 2538 2701; x_wconf 86' lang='lat' dir='ltr'>Alex-</span> 
     </span>
     <span class='ocr_line' id='line_1_24' title="bbox 565 2752 2536 2815; baseline 0.002 -18"><span class='ocrx_word' id='word_1_206' title='bbox 565 2753 698 2798; x_wconf 85' lang='lat' dir='ltr'>andri</span> <span class='ocrx_word' id='word_1_207' title='bbox 731 2752 857 2799; x_wconf 91' lang='lat' dir='ltr'>filius</span> <span class='ocrx_word' id='word_1_208' title='bbox 890 2759 1009 2800; x_wconf 87' lang='lat' dir='ltr'>natu</span> <span class='ocrx_word' id='word_1_209' title='bbox 1042 2753 1204 2814; x_wconf 85' lang='lat' dir='ltr'>major,</span> <span class='ocrx_word' id='word_1_210' title='bbox 1240 2753 1538 2813; x_wconf 89' lang='lat' dir='ltr'>quorundam</span> <span class='ocrx_word' id='word_1_211' title='bbox 1577 2753 1871 2801; x_wconf 86' lang='lat' dir='ltr'>nebulonum</span> <span class='ocrx_word' id='word_1_212' title='bbox 1912 2752 2132 2815; x_wconf 91' lang='lat' dir='ltr'>impulsu,</span> <span class='ocrx_word' id='word_1_213' title='bbox 2173 2770 2299 2800; x_wconf 83' lang='lat' dir='ltr'>anno</span> <span class='ocrx_word' id='word_1_214' title='bbox 2340 2754 2536 2800; x_wconf 90' lang='lat' dir='ltr'>Domini</span> 
     </span>
     <span class='ocr_line' id='line_1_25' title="bbox 570 2849 2540 2914; baseline 0.002 -19"><span class='ocrx_word' id='word_1_215' title='bbox 570 2854 708 2904; x_wconf 90' lang='lat'>1515,</span> <span class='ocrx_word' id='word_1_216' title='bbox 733 2851 809 2897; x_wconf 91' lang='lat' dir='ltr'>die</span> <span class='ocrx_word' id='word_1_217' title='bbox 829 2856 890 2902; x_wconf 71' lang='lat'>⁶27</span> <span class='ocrx_word' id='word_1_218' title='bbox 907 2849 1080 2898; x_wconf 88' lang='lat' dir='ltr'>menfis</span> <span class='ocrx_word' id='word_1_219' title='bbox 1099 2851 1394 2906; x_wconf 88' lang='lat' dir='ltr'>Decembris,</span> <span class='ocrx_word' id='word_1_220' title='bbox 1418 2851 1713 2912; x_wconf 87' lang='lat' dir='ltr'>irrumpebat</span> <span class='ocrx_word' id='word_1_221' title='bbox 1734 2849 1820 2898; x_wconf 89' lang='lat' dir='ltr'>sub</span> <span class='ocrx_word' id='word_1_222' title='bbox 1837 2850 2081 2913; x_wconf 89' lang='lat' dir='ltr'>vesperam</span> <span class='ocrx_word' id='word_1_223' title='bbox 2104 2853 2154 2898; x_wconf 91' lang='lat' dir='ltr'>in</span> <span class='ocrx_word' id='word_1_224' title='bbox 2178 2853 2322 2914; x_wconf 89' lang='lat' dir='ltr'>adyta</span> <span class='ocrx_word' id='word_1_225' title='bbox 2345 2851 2540 2899; x_wconf 88' lang='lat' dir='ltr'>Monas-</span> 
     </span>
     <span class='ocr_line' id='line_1_26' title="bbox 568 2947 2537 3012; baseline 0.002 -19"><span class='ocrx_word' id='word_1_226' title='bbox 568 2949 674 2993; x_wconf 88' lang='lat' dir='ltr'>terii</span> <span class='ocrx_word' id='word_1_227' title='bbox 698 2964 727 2994; x_wconf 86' lang='lat' dir='ltr'>a</span> <span class='ocrx_word' id='word_1_228' title='bbox 748 2948 948 3009; x_wconf 87' lang='lat' dir='ltr'>Kynlos,</span> <span class='ocrx_word' id='word_1_229' title='bbox 972 2966 1027 2996; x_wconf 88' lang='lat' dir='ltr'>ac</span> <span class='ocrx_word' id='word_1_230' title='bbox 1049 2949 1272 2996; x_wconf 89' lang='lat' dir='ltr'>scrinium</span> <span class='ocrx_word' id='word_1_231' title='bbox 1295 2947 1537 3011; x_wconf 86' lang='lat' dir='ltr'>cujusdam</span> <span class='ocrx_word' id='word_1_232' title='bbox 1559 2947 1786 2997; x_wconf 85' lang='lat' dir='ltr'>honestae</span> <span class='ocrx_word' id='word_1_233' title='bbox 1809 2955 2055 2997; x_wconf 84' lang='lat' dir='ltr'>matronae</span> <span class='ocrx_word' id='word_1_234' title='bbox 2089 2950 2310 2998; x_wconf 87' lang='lat' dir='ltr'>dominae</span> <span class='ocrx_word' id='word_1_235' title='bbox 2345 2950 2537 3012; x_wconf 58' lang='lat' dir='ltr'>Margae</span> 
     </span>
     <span class='ocr_line' id='line_1_27' title="bbox 568 3045 2538 3109; baseline 0.002 -19"><span class='ocrx_word' id='word_1_236' title='bbox 568 3051 699 3091; x_wconf 88' lang='lat' dir='ltr'>retae</span> <span class='ocrx_word' id='word_1_237' title='bbox 723 3045 908 3101; x_wconf 67' lang='lat' dir='ltr'>Mouet,</span> <span class='ocrx_word' id='word_1_238' title='bbox 932 3048 983 3093; x_wconf 91' lang='lat' dir='ltr'>in</span> <span class='ocrx_word' id='word_1_239' title='bbox 1006 3063 1099 3109; x_wconf 91' lang='lat' dir='ltr'>quo</span> <span class='ocrx_word' id='word_1_240' title='bbox 1124 3045 1478 3096; x_wconf 84' lang='lat' dir='ltr'>affervabantur</span> <span class='ocrx_word' id='word_1_241' title='bbox 1499 3047 1683 3109; x_wconf 86' lang='lat' dir='ltr'>aliquot</span> <span class='ocrx_word' id='word_1_242' title='bbox 1704 3047 1962 3109; x_wconf 87' lang='lat' dir='ltr'>scripturae</span> <span class='ocrx_word' id='word_1_243' title='bbox 1985 3063 2096 3095; x_wconf 85' lang='lat' dir='ltr'>cum</span> <span class='ocrx_word' id='word_1_244' title='bbox 2118 3047 2363 3095; x_wconf 91' lang='lat' dir='ltr'>nonnullis</span> <span class='ocrx_word' id='word_1_245' title='bbox 2396 3063 2538 3108; x_wconf 87' lang='lat' dir='ltr'>pecu-</span> 
     </span>
     <span class='ocr_line' id='line_1_28' title="bbox 570 3143 2538 3208; baseline 0.002 -21"><span class='ocrx_word' id='word_1_246' title='bbox 570 3143 674 3197; x_wconf 86' lang='lat' dir='ltr'>niis,</span> <span class='ocrx_word' id='word_1_247' title='bbox 690 3144 934 3205; x_wconf 88' lang='lat' dir='ltr'>confregit.</span> <span class='ocrx_word' id='word_1_248' title='bbox 976 3145 1238 3207; x_wconf 87' lang='lat' dir='ltr'>Suppilatis</span> <span class='ocrx_word' id='word_1_249' title='bbox 1256 3161 1444 3208; x_wconf 90' lang='lat' dir='ltr'>quoque</span> <span class='ocrx_word' id='word_1_250' title='bbox 1459 3144 1651 3201; x_wconf 88' lang='lat' dir='ltr'>scriniis,</span> <span class='ocrx_word' id='word_1_251' title='bbox 1670 3147 1721 3193; x_wconf 89' lang='lat' dir='ltr'>in</span> <span class='ocrx_word' id='word_1_252' title='bbox 1739 3146 1923 3194; x_wconf 86' lang='lat' dir='ltr'>Gallias</span> <span class='ocrx_word' id='word_1_253' title='bbox 1939 3146 2176 3208; x_wconf 72' lang='lat' dir='ltr'>profe&amp;us</span> <span class='ocrx_word' id='word_1_254' title='bbox 2193 3143 2276 3192; x_wconf 89' lang='lat' dir='ltr'>est.</span> <span class='ocrx_word' id='word_1_255' title='bbox 2318 3144 2414 3191; x_wconf 85' lang='lat' dir='ltr'>Sed</span> <span class='ocrx_word' id='word_1_256' title='bbox 2431 3144 2538 3191; x_wconf 89' lang='lat' dir='ltr'>Nu-</span> 
     </span>
    </p>
   </div>
   <div class='ocr_carea' id='block_1_3' title="bbox 569 3241 2537 3309">
    <p class='ocr_par' dir='ltr' id='par_1_9' title="bbox 569 3241 2537 3309">
     <span class='ocr_line' id='line_1_29' title="bbox 569 3241 2537 3309; baseline 0.003 -23"><span class='ocrx_word' id='word_1_257' title='bbox 569 3242 698 3287; x_wconf 89' lang='lat' dir='ltr'>mine</span> <span class='ocrx_word' id='word_1_258' title='bbox 721 3242 782 3287; x_wconf 91' lang='lat' dir='ltr'>ob</span> <span class='ocrx_word' id='word_1_259' title='bbox 803 3241 952 3290; x_wconf 89' lang='lat' dir='ltr'>scelus</span> <span class='ocrx_word' id='word_1_260' title='bbox 974 3250 1214 3304; x_wconf 83' lang='lat' dir='ltr'>patratum</span> <span class='ocrx_word' id='word_1_261' title='bbox 1242 3246 1464 3309; x_wconf 84' lang='lat' dir='ltr'>agitatus,</span> <span class='ocrx_word' id='word_1_262' title='bbox 1498 3261 1595 3292; x_wconf 90' lang='lat' dir='ltr'>non</span> <span class='ocrx_word' id='word_1_263' title='bbox 1629 3246 1788 3306; x_wconf 91' lang='lat' dir='ltr'>potuit</span> <span class='ocrx_word' id='word_1_264' title='bbox 1821 3245 1948 3306; x_wconf 87' lang='lat' dir='ltr'>apud</span> <span class='ocrx_word' id='word_1_265' title='bbox 1972 3244 2138 3292; x_wconf 83' lang='lat' dir='ltr'>Gallos</span> <span class='ocrx_word' id='word_1_266' title='bbox 2161 3244 2341 3291; x_wconf 90' lang='lat' dir='ltr'>diutius</span> <span class='ocrx_word' id='word_1_267' title='bbox 2364 3245 2537 3299; x_wconf 81' lang='lat' dir='ltr'>vivere,</span> 
     </span>
    </p>
   </div>
  </div>
 </body>
</html>
