2938 3762
987 469 1424 518 MONASTER-II
1460 473 1507 519 A
1543 474 1841 547 KYNLOS.
2333 484 2390 528 49

429 604 535 644 tum
575 606 630 645 ut
664 600 782 646 mihi
809 600 916 661 plus
950 602 1035 647 otii
1063 600 1334 662 suppeteret
1368 605 1418 649 in
1452 605 1780 667 recolligendis
1815 608 1934 653 meis
1973 604 2152 662 studiis,
2192 606 2277 655 sub
2312 625 2394 655 an-

426 713 543 743 num
579 697 775 744 Domini
803 702 927 745 1540
952 700 1002 743 in
1025 697 1142 745 festo
1179 699 1418 747 Paschatis
1452 705 1569 749 redii
1593 705 1642 749 in
1667 704 1906 760 Scotiam;
1942 706 2024 752 ubi
2048 706 2221 752 offendi
2245 707 2392 753 domi-

425 811 542 842 num
576 812 739 843 meum
781 797 1075 844 declaratum
1110 797 1379 859 episcopum
1419 800 1781 857 Orchadensem‚
1816 820 1844 849 a
1888 819 1980 863 quo
2024 803 2125 850 sum
2170 812 2392 866 acceptus

423 893 783 950 humaniffime3
830 903 974 956 atque
998 903 1050 943 ut
1087 898 1215 944 ultro
1256 900 1372 945 mihi
1407 901 1569 947 reduci
1607 902 1962 962 gratificaretur,
1998 903 2129 949 nullo
2164 919 2270 950 meo
2303 905 2391 950 im-

423 993 573 1054 pulsu,
610 993 690 1041 sed
714 995 795 1041 sua
816 994 995 1057 sponte,
1021 998 1232 1043 decrevit
1256 999 1372 1044 mihi
1397 1001 1649 1059 quotannis
1674 1001 1985 1062 quadraginta
2007 1002 2147 1048 libras
2169 1009 2390 1049 monetae

422 1092 623 1140 scoticae
663 1110 748 1154 pro
780 1097 898 1141 meis
929 1094 1186 1156 stipendiiS,
1219 1112 1273 1142 ac
1308 1095 1446 1143 fimul
1480 1097 1738 1158 impensam
1783 1100 1913 1153 mihi,
1949 1101 2030 1144 uni
2071 1115 2176 1146 meo
2211 1101 2387 1146 famulo

422 1199 472 1238 01
519 1194 703 1239 duobus
750 1196 909 1254 equis;
957 1202 1006 1240 et
1051 1201 1107 1241 ut
1151 1197 1241 1242 hoc
1287 1194 1438 1256 ipsum
1474 1194 1586 1243 effet
1631 1198 1781 1243 fixum
1832 1194 1929 1243 fine
1977 1198 2140 1244 fraude
2191 1204 2240 1244 et
2279 1199 2387 1244 dolo

421 1292 561 1346 malo,
597 1293 847 1339 amborum
881 1293 1043 1340 literas
1084 1295 1251 1340 confec
1321 1294 1438 1340 mihi
1472 1296 1521 1340 in
1554 1294 1748 1355 hujusce
1793 1297 1862 1341 rei
1907 1293 2230 1342 testimonium
2269 1298 2386 1357 pub-

420 1392 547 1445 licas,
585 1393 756 1452 quibus
791 1393 1031 1452 appendet
1066 1391 1273 1454 figillum
1308 1407 1560 1438 commune
1596 1408 1624 1438 a
1659 1391 1860 1452 Kynlos,
1896 1407 2004 1437 011111
2053 1393 2389 1439 monachorum

420 1493 634 1536 omnium
686 1490 1104 1552 subscriptionibus
1157 1498 1213 1538 ut
1261 1497 1433 1538 vocant
1485 1491 1798 1537 manualibus.
1891 1491 2073 1537 Eodem
2119 1507 2241 1537 anno
2288 1489 2389 1536 sum

416 1590 554 1635 illum
596 1597 793 1636 euntem
831 1592 890 1636 ad
930 1590 1173 1636 Orchades
1214 1592 1483 1644 comitatus,
1516 1596 1571 1635 ut
1605 1591 1796 1650 propius
1835 1605 1891 1635 ea
1924 1588 2180 1650 spectarem
2214 1605 2334 1649 quae
2360 1606 2388 1636 a

417 1690 658 1736 veteribus
684 1691 742 1735 (10
766 1690 861 1735 11110
885 1688 1048 1735 insulis
1074 1688 1348 1751 consignata
1381 1689 1490 1733 sunt
1514 1688 1677 1734 literis.
1747 1688 1807 1733 In
1831 1689 1987 1733 reditu
2010 1688 2069 1734 ab
2093 1686 2387 1734 Orchadibus

416 1790 631 1835 traduxit
679 1790 889 1849 quinque
934 1790 1148 1849 juniores
1200 1789 1457 1835 monachos
1508 1787 1691 1833 Belloci
1740 1787 1799 1833 ad
1851 1786 2051 1847 Kynlos,
2103 1802 2219 1846 quos
2270 1787 2385 1832 mihi

417 1889 692 1935 melioribus
725 1888 875 1934 literis
907 1889 1104 1934 tradidit
1129 1889 1422 1942 imbuendos,
1461 1888 1540 1947 qui
1564 1887 1662 1932 fere
1686 1886 1945 1931 triennium
1979 1885 2103 1945 apud
2137 1900 2214 1930 me
2237 1886 2381 1939 fuere,

416 2004 513 2034 non
548 1989 742 2033 omnino
783 1985 980 2041 frustra3
1027 2003 1081 2033 ac
1128 1986 1282 2032 multo
1327 1987 1499 2032 melius
1544 1986 1615 2031 illi
1659 1982 2006 2045 promovissent,
2053 1982 2140 2029 nifi
2177 1985 2386 2029 extincto

417 2087 565 2149 Rege,
602 2089 762 2132 omnia
796 2084 955 2132 statim
991 2083 1140 2131 effent
1174 2087 1355 2131 turbari
1390 2091 1571 2146 coepta,
1604 2090 1659 2130 ut
1695 2099 1849 2143 neque
1880 2083 1950 2127 illi
1982 2079 2157 2142 justam
2198 2098 2386 2143 operam

415 2203 589 2234 navare
625 2187 789 2240 literis,
815 2201 970 2246 neque
995 2202 1096 2248 ego,
1121 2185 1286 2231 multis
1310 2186 1433 2230 curis
1469 2182 1726 2237 distractus,
1762 2182 2007 2228 commode
2031 2196 2110 2226 000
2143 2179 2386 2226 instituere

414 2288 653 2348 potuerim
670 2302 681 2341 ;
707 2302 851 2346 quare
871 2301 950 2332 000
970 2282 1120 2330 dimifi
1144 2291 1257 2331 ante
1276 2290 1465 2344 tempus
1484 2289 1539 2328 ut
1554 2283 1613 2328 ad
1631 2280 1765 2327 suum
1789 2282 1997 2327 redirent
2025 2277 2355 2325 monasterium
2372 2293 2384 2333 ;

418 2402 620 2446 quorum
645 2386 840 2431 nomina
863 2383 972 2429 sunt
996 2399 1119 2443 quae
1142 2381 1404 2442 sequuntur
1437 2382 1654 2426 dominus
1687 2380 1890 2425 Thomas
1924 2378 2143 2439 Tognius,
2169 2378 2384 2423 dominus

419 2485 577 2531 David
610 2482 782 2538 Dason,
809 2484 1028 2528 dominus
1051 2482 1082 2528 J
1086 2496 1263 2528 oannes
1288 2479 1531 2533 Crauford,
1558 2479 1774 2524 dominus
1796 2476 1829 2522 J
1831 2477 2003 2522 acobus
2028 2476 2141 2536 Pop,
2167 2476 2382 2521 dominus

417 2585 664 2632 Gilbertus
690 2583 832 2644 Gray.
905 2581 970 2627 Et
996 2583 1106 2641 quia
1121 2581 1222 2641 jam
1246 2581 1362 2625 mihi
1389 2594 1485 2624 non
1508 2578 1634 2630 licet,
1658 2591 1743 2636 per
1764 2576 1847 2622 has
1870 2575 2031 2621 turbas
2055 2589 2174 2634 quae
2197 2575 2383 2619 univer-

413 2683 509 2730 sam
550 2683 762 2729 Scotiam
803 2687 1095 2742 occuparunt
1142 2680 1353 2725 0111111610
1398 2677 1579 2723 Jacobo
1627 2690 1749 2736 rege,
1799 2674 1950 2719 otium
1995 2688 2208 2718 meorum
2258 2673 2382 2717 tueri

414 2781 688 2836 studiorum,
714 2780 869 2827 rursus
893 2781 1080 2826 decrevi
1098 2780 1250 2839 primo
1269 2792 1456 2837 quoque
1475 2782 1689 2835 tempore
1707 2774 1757 2818 in
1780 2772 1960 2818 Gallias
1983 2772 2147 2817 redire.
2190 2769 2380 2815 Interea

415 2885 530 2929 dum
552 2883 726 2928 haereo
751 2883 801 2927 in
825 2880 1013 2941 Kynlos
1035 2879 1109 2924 his
1133 2878 1268 2924 annis
1292 2876 1482 2928 01106110,
1518 2889 1579 2919 110
1602 2872 1722 2918 nihil
1751 2872 1967 2925 facerem,
1992 2869 2176 2915 libellos
2200 2868 2379 2928 aliquot

416 2983 496 3041 qui
520 2980 781 3040 sequuntur
803 2979 921 3024 meis
945 2977 1238 3024 auditoribus
1263 2989 1404 3034 quam
1433 2968 1696 3033 planiffime
1719 2985 1747 3016 a
1763 2984 1840 3015 me
1858 2969 1958 3014 fieri
1980 2968 2137 3028 potuit
2155 2967 2378 3019 enarravi,

415 3082 503 3127 viz.
530 3080 806 3126 Secundum
830 3077 1004 3123 librum
1029 3077 1088 3121 de
1112 3075 1248 3135 copia
1271 3071 1464 3119 Erasmi.
1534 3070 1673 3124 Item,
1710 3067 1989 3115 Orationem
2022 3065 2262 3112 Ciceronis
2295 3080 2378 3125 pro

419 3180 478 3234 Q.
499 3180 703 3241 Ligario.
761 3176 903 3230 Item,
922 3167 1136 3221 Primum
1153 3173 1325 3218 librum
1342 3170 1601 3216 officiorum
1619 3167 1871 3214 Ciceronis.
1924 3164 2064 3218 Item,
2089 3163 2379 3209 Dialefficen

416 3277 711 3340 Trapisontii.
786 3276 927 3335 Item,
966 3275 1133 3321 Libros
1168 3273 1333 3318 decem
1368 3269 1631 3316 ethicorum
1666 3263 1950 3312 Aristotelis.
2032 3262 2173 3317 Item,
2207 3261 2380 3322 Topica
