<?xml version="1.0" encoding="UTF-8"?>
<!DOCTYPE html PUBLIC "-//W3C//DTD XHTML 1.0 Transitional//EN"
    "http://www.w3.org/TR/xhtml1/DTD/xhtml1-transitional.dtd">
<html xmlns="http://www.w3.org/1999/xhtml" xml:lang="en" lang="en">
 <head>
  <title>
</title>
<meta http-equiv="Content-Type" content="text/html;charset=utf-8" />
  <meta name='ocr-system' content='tesseract 3.04.00' />
  <meta name='ocr-capabilities' content='ocr_page ocr_carea ocr_par ocr_line ocrx_word'/>
</head>
<body>
  <div class='ocr_page' id='page_1' title='image "./ferreriihistor6300ferruoft_0062.png"; bbox 0 0 2938 3762; ppageno 0'>
   <div class='ocr_carea' id='block_1_1' title="bbox 562 450 1898 501">
    <p class='ocr_par' dir='ltr' id='par_1_1' title="bbox 562 450 1898 501">
     <span class='ocr_line' id='line_1_1' title="bbox 562 450 1898 501; baseline -0.001 -2"><span class='ocrx_word' id='word_1_1' title='bbox 562 458 622 499; x_wconf 74' lang='lat'>⁶28</span> <span class='ocrx_word' id='word_1_2' title='bbox 1187 451 1517 501; x_wconf 88' lang='lat' dir='ltr'>HISTORIA</span> <span class='ocrx_word' id='word_1_3' title='bbox 1553 450 1898 499; x_wconf 86' lang='lat' dir='ltr'>ABBATUM</span> 
     </span>
    </p>
   </div>
   <div class='ocr_carea' id='block_1_2' title="bbox 562 581 2542 1637">
    <p class='ocr_par' dir='ltr' id='par_1_2' title="bbox 562 581 2542 1637">
     <span class='ocr_line' id='line_1_2' title="bbox 563 581 2536 649; baseline 0 -17"><span class='ocrx_word' id='word_1_4' title='bbox 563 583 856 639; x_wconf 89' lang='lat' dir='ltr'>Hebnisden‚</span> <span class='ocrx_word' id='word_1_5' title='bbox 899 599 1007 631; x_wconf 90' lang='lat' dir='ltr'>cum</span> <span class='ocrx_word' id='word_1_6' title='bbox 1048 584 1270 630; x_wconf 90' lang='lat' dir='ltr'>omnibus</span> <span class='ocrx_word' id='word_1_7' title='bbox 1315 581 1409 629; x_wconf 92' lang='lat' dir='ltr'>suis</span> <span class='ocrx_word' id='word_1_8' title='bbox 1455 598 1572 645; x_wconf 88' lang='lat' dir='ltr'>quas</span> <span class='ocrx_word' id='word_1_9' title='bbox 1612 590 1787 631; x_wconf 85' lang='lat' dir='ltr'>vocant</span> <span class='ocrx_word' id='word_1_10' title='bbox 1831 583 2166 645; x_wconf 80' lang='lat' dir='ltr'>pertinentiis3</span> <span class='ocrx_word' id='word_1_11' title='bbox 2212 586 2339 646; x_wconf 92' lang='lat' dir='ltr'>apud</span> <span class='ocrx_word' id='word_1_12' title='bbox 2378 586 2536 649; x_wconf 86' lang='lat' dir='ltr'>Elgyn</span> 
     </span>
     <span class='ocr_line' id='line_1_3' title="bbox 562 680 2540 747; baseline 0.002 -17"><span class='ocrx_word' id='word_1_13' title='bbox 562 686 646 730; x_wconf 87' lang='lat' dir='ltr'>xxi</span> <span class='ocrx_word' id='word_1_14' title='bbox 682 685 760 731; x_wconf 89' lang='lat' dir='ltr'>die</span> <span class='ocrx_word' id='word_1_15' title='bbox 793 680 966 730; x_wconf 88' lang='lat' dir='ltr'>mensis</span> <span class='ocrx_word' id='word_1_16' title='bbox 1002 682 1124 729; x_wconf 90' lang='lat' dir='ltr'>Maii</span> <span class='ocrx_word' id='word_1_17' title='bbox 1159 697 1285 729; x_wconf 87' lang='lat' dir='ltr'>anno</span> <span class='ocrx_word' id='word_1_18' title='bbox 1321 681 1518 728; x_wconf 90' lang='lat' dir='ltr'>Domini</span> <span class='ocrx_word' id='word_1_19' title='bbox 1546 684 1687 738; x_wconf 72' lang='lat'>1362,</span> <span class='ocrx_word' id='word_1_20' title='bbox 1722 682 1808 730; x_wconf 91' lang='lat' dir='ltr'>sub</span> <span class='ocrx_word' id='word_1_21' title='bbox 1842 683 2124 731; x_wconf 90' lang='lat' dir='ltr'>Alexandro</span> <span class='ocrx_word' id='word_1_22' title='bbox 2160 681 2393 747; x_wconf 81' lang='lat' dir='ltr'>Episcopo</span> <span class='ocrx_word' id='word_1_23' title='bbox 2430 686 2540 733; x_wconf 90' lang='lat' dir='ltr'>Mo-</span> 
     </span>
     <span class='ocr_line' id='line_1_4' title="bbox 562 780 2539 845; baseline 0.001 -16"><span class='ocrx_word' id='word_1_24' title='bbox 562 781 774 830; x_wconf 85' lang='lat' dir='ltr'>raviensi.</span> <span class='ocrx_word' id='word_1_25' title='bbox 844 781 940 829; x_wconf 90' lang='lat' dir='ltr'>Hic</span> <span class='ocrx_word' id='word_1_26' title='bbox 972 781 1104 828; x_wconf 90' lang='lat' dir='ltr'>locus</span> <span class='ocrx_word' id='word_1_27' title='bbox 1127 782 1178 828; x_wconf 91' lang='lat' dir='ltr'>in</span> <span class='ocrx_word' id='word_1_28' title='bbox 1202 780 1543 828; x_wconf 87' lang='lat' dir='ltr'>Sutherlandia</span> <span class='ocrx_word' id='word_1_29' title='bbox 1575 787 1838 844; x_wconf 89' lang='lat' dir='ltr'>occupatur</span> <span class='ocrx_word' id='word_1_30' title='bbox 1870 789 1985 830; x_wconf 86' lang='lat' dir='ltr'>ante</span> <span class='ocrx_word' id='word_1_31' title='bbox 2018 782 2368 845; x_wconf 79' lang='lat' dir='ltr'>complusculos</span> <span class='ocrx_word' id='word_1_32' title='bbox 2390 801 2539 831; x_wconf 87' lang='lat' dir='ltr'>annos</span> 
     </span>
     <span class='ocr_line' id='line_1_5' title="bbox 563 878 2540 944; baseline 0.001 -16"><span class='ocrx_word' id='word_1_33' title='bbox 563 883 809 943; x_wconf 81' lang='lat' dir='ltr'>tyrannice</span> <span class='ocrx_word' id='word_1_34' title='bbox 831 896 1005 943; x_wconf 90' lang='lat' dir='ltr'>magno</span> <span class='ocrx_word' id='word_1_35' title='bbox 1029 896 1138 928; x_wconf 92' lang='lat' dir='ltr'>cum</span> <span class='ocrx_word' id='word_1_36' title='bbox 1158 878 1439 928; x_wconf 87' lang='lat' dir='ltr'>Monasterii</span> <span class='ocrx_word' id='word_1_37' title='bbox 1463 896 1492 928; x_wconf 90' lang='lat' dir='ltr'>a</span> <span class='ocrx_word' id='word_1_38' title='bbox 1509 879 1698 942; x_wconf 85' lang='lat' dir='ltr'>Kynlos</span> <span class='ocrx_word' id='word_1_39' title='bbox 1723 882 1911 929; x_wconf 90' lang='lat' dir='ltr'>damno.</span> <span class='ocrx_word' id='word_1_40' title='bbox 1981 880 2103 944; x_wconf 83' lang='lat' dir='ltr'>Spes</span> <span class='ocrx_word' id='word_1_41' title='bbox 2122 880 2205 937; x_wconf 82' lang='lat' dir='ltr'>est,</span> <span class='ocrx_word' id='word_1_42' title='bbox 2225 889 2281 929; x_wconf 92' lang='lat' dir='ltr'>ut</span> <span class='ocrx_word' id='word_1_43' title='bbox 2301 882 2540 930; x_wconf 89' lang='lat' dir='ltr'>Robertus</span> 
     </span>
     <span class='ocr_line' id='line_1_6' title="bbox 565 977 2541 1043; baseline 0.001 -17"><span class='ocrx_word' id='word_1_44' title='bbox 565 981 687 1026; x_wconf 84' lang='lat' dir='ltr'><strong>Reid</strong></span> <span class='ocrx_word' id='word_1_45' title='bbox 712 980 879 1027; x_wconf 90' lang='lat' dir='ltr'>Abbas</span> <span class='ocrx_word' id='word_1_46' title='bbox 903 981 1064 1027; x_wconf 89' lang='lat' dir='ltr'>omnia</span> <span class='ocrx_word' id='word_1_47' title='bbox 1093 977 1326 1035; x_wconf 90' lang='lat' dir='ltr'>restituat,</span> <span class='ocrx_word' id='word_1_48' title='bbox 1363 995 1459 1026; x_wconf 94' lang='lat' dir='ltr'>non</span> <span class='ocrx_word' id='word_1_49' title='bbox 1483 978 1635 1026; x_wconf 92' lang='lat' dir='ltr'>solum</span> <span class='ocrx_word' id='word_1_50' title='bbox 1669 981 1964 1027; x_wconf 78' lang='lat' dir='ltr'>authoritate</span> <span class='ocrx_word' id='word_1_51' title='bbox 1987 996 2082 1042; x_wconf 91' lang='lat' dir='ltr'>qua</span> <span class='ocrx_word' id='word_1_52' title='bbox 2103 981 2361 1042; x_wconf 90' lang='lat' dir='ltr'>plurimum</span> <span class='ocrx_word' id='word_1_53' title='bbox 2385 981 2541 1043; x_wconf 82' lang='lat' dir='ltr'>potest</span> 
     </span>
     <span class='ocr_line' id='line_1_7' title="bbox 562 1078 2542 1142; baseline 0.001 -17"><span class='ocrx_word' id='word_1_54' title='bbox 562 1080 687 1140; x_wconf 91' lang='lat' dir='ltr'>apud</span> <span class='ocrx_word' id='word_1_55' title='bbox 713 1079 896 1141; x_wconf 86' lang='lat' dir='ltr'>Regem</span> <span class='ocrx_word' id='word_1_56' title='bbox 931 1078 1186 1126; x_wconf 87' lang='lat' dir='ltr'>Scotorum</span> <span class='ocrx_word' id='word_1_57' title='bbox 1209 1078 1241 1125; x_wconf 88' lang='lat' dir='ltr'><strong>J</strong></span> <span class='ocrx_word' id='word_1_58' title='bbox 1244 1079 1446 1126; x_wconf 93' lang='lat' dir='ltr'>acobum</span> <span class='ocrx_word' id='word_1_59' title='bbox 1482 1080 1584 1140; x_wconf 89' lang='lat' dir='ltr'>ejus</span> <span class='ocrx_word' id='word_1_60' title='bbox 1618 1081 1823 1126; x_wconf 87' lang='lat' dir='ltr'>nominis</span> <span class='ocrx_word' id='word_1_61' title='bbox 1851 1079 2104 1136; x_wconf 86' lang='lat' dir='ltr'>Quintum,</span> <span class='ocrx_word' id='word_1_62' title='bbox 2139 1079 2221 1127; x_wconf 90' lang='lat' dir='ltr'>sed</span> <span class='ocrx_word' id='word_1_63' title='bbox 2252 1082 2398 1127; x_wconf 89' lang='lat' dir='ltr'>etiam</span> <span class='ocrx_word' id='word_1_64' title='bbox 2432 1097 2542 1142; x_wconf 88' lang='lat' dir='ltr'>pru-</span> 
     </span>
     <span class='ocr_line' id='line_1_8' title="bbox 564 1176 2541 1241; baseline 0 -17"><span class='ocrx_word' id='word_1_65' title='bbox 564 1179 728 1224; x_wconf 90' lang='lat' dir='ltr'>dentia</span> <span class='ocrx_word' id='word_1_66' title='bbox 760 1184 811 1225; x_wconf 88' lang='lat' dir='ltr'>et</span> <span class='ocrx_word' id='word_1_67' title='bbox 845 1179 1088 1239; x_wconf 88' lang='lat' dir='ltr'>aequitate</span> <span class='ocrx_word' id='word_1_68' title='bbox 1122 1179 1333 1225; x_wconf 86' lang='lat' dir='ltr'>maxima</span> <span class='ocrx_word' id='word_1_69' title='bbox 1367 1194 1461 1239; x_wconf 89' lang='lat' dir='ltr'>qua</span> <span class='ocrx_word' id='word_1_70' title='bbox 1494 1176 1757 1241; x_wconf 73' lang='lat' dir='ltr'>insignitur.</span> <span class='ocrx_word' id='word_1_71' title='bbox 1829 1178 1932 1226; x_wconf 88' lang='lat' dir='ltr'>Sub</span> <span class='ocrx_word' id='word_1_72' title='bbox 1965 1179 2057 1226; x_wconf 93' lang='lat' dir='ltr'>hoc</span> <span class='ocrx_word' id='word_1_73' title='bbox 2081 1178 2278 1227; x_wconf 89' lang='lat' dir='ltr'>Abbate</span> <span class='ocrx_word' id='word_1_74' title='bbox 2302 1179 2541 1227; x_wconf 89' lang='lat' dir='ltr'>Richardo</span> 
     </span>
     <span class='ocr_line' id='line_1_9' title="bbox 563 1276 2541 1340; baseline 0.002 -17"><span class='ocrx_word' id='word_1_75' title='bbox 563 1279 789 1324; x_wconf 87' lang='lat' dir='ltr'>vixerunt</span> <span class='ocrx_word' id='word_1_76' title='bbox 829 1278 1050 1324; x_wconf 89' lang='lat' dir='ltr'>monachi</span> <span class='ocrx_word' id='word_1_77' title='bbox 1090 1277 1272 1338; x_wconf 83' lang='lat' dir='ltr'>aliquot</span> <span class='ocrx_word' id='word_1_78' title='bbox 1319 1277 1647 1339; x_wconf 88' lang='lat' dir='ltr'>percelebres;</span> <span class='ocrx_word' id='word_1_79' title='bbox 1695 1277 1855 1325; x_wconf 91' lang='lat' dir='ltr'>Adam</span> <span class='ocrx_word' id='word_1_80' title='bbox 1897 1279 1958 1325; x_wconf 89' lang='lat' dir='ltr'>de</span> <span class='ocrx_word' id='word_1_81' title='bbox 1994 1277 2153 1333; x_wconf 87' lang='lat' dir='ltr'>Teras,</span> <span class='ocrx_word' id='word_1_82' title='bbox 2194 1276 2357 1340; x_wconf 90' lang='lat' dir='ltr'>postea</span> <span class='ocrx_word' id='word_1_83' title='bbox 2396 1280 2541 1326; x_wconf 90' lang='lat' dir='ltr'>abbas</span> 
     </span>
     <span class='ocr_line' id='line_1_10' title="bbox 564 1374 2540 1438; baseline 0.001 -16"><span class='ocrx_word' id='word_1_84' title='bbox 564 1386 614 1422; x_wconf 84' lang='lat' dir='ltr'>et</span> <span class='ocrx_word' id='word_1_85' title='bbox 647 1374 885 1431; x_wconf 79' lang='lat' dir='ltr'>successor,</span> <span class='ocrx_word' id='word_1_86' title='bbox 923 1375 1079 1422; x_wconf 87' lang='lat' dir='ltr'>David</span> <span class='ocrx_word' id='word_1_87' title='bbox 1116 1374 1318 1431; x_wconf 78' lang='lat' dir='ltr'>Forrefis,</span> <span class='ocrx_word' id='word_1_88' title='bbox 1355 1376 1605 1423; x_wconf 87' lang='lat' dir='ltr'>Walterus</span> <span class='ocrx_word' id='word_1_89' title='bbox 1646 1378 1706 1423; x_wconf 90' lang='lat' dir='ltr'>de</span> <span class='ocrx_word' id='word_1_90' title='bbox 1747 1376 1909 1438; x_wconf 86' lang='lat' dir='ltr'>Spine‚</span> <span class='ocrx_word' id='word_1_91' title='bbox 1952 1383 2003 1424; x_wconf 91' lang='lat' dir='ltr'>et</span> <span class='ocrx_word' id='word_1_92' title='bbox 2044 1377 2264 1424; x_wconf 87' lang='lat' dir='ltr'>dominus</span> <span class='ocrx_word' id='word_1_93' title='bbox 2306 1378 2540 1425; x_wconf 84' lang='lat' dir='ltr'>Patricius</span> 
     </span>
     <span class='ocr_line' id='line_1_11' title="bbox 566 1475 2542 1538; baseline 0.001 -17"><span class='ocrx_word' id='word_1_94' title='bbox 566 1476 713 1530; x_wconf 86' lang='lat' dir='ltr'>Prior,</span> <span class='ocrx_word' id='word_1_95' title='bbox 750 1476 830 1536; x_wconf 93' lang='lat' dir='ltr'>qui</span> <span class='ocrx_word' id='word_1_96' title='bbox 867 1477 1134 1537; x_wconf 88' lang='lat' dir='ltr'>imperante</span> <span class='ocrx_word' id='word_1_97' title='bbox 1158 1475 1397 1522; x_wconf 89' lang='lat' dir='ltr'>Richardo</span> <span class='ocrx_word' id='word_1_98' title='bbox 1432 1476 1621 1531; x_wconf 85' lang='lat' dir='ltr'>abbate,</span> <span class='ocrx_word' id='word_1_99' title='bbox 1654 1476 1892 1537; x_wconf 72' lang='lat' dir='ltr'>profe&amp;us</span> <span class='ocrx_word' id='word_1_100' title='bbox 1926 1475 1996 1522; x_wconf 88' lang='lat' dir='ltr'>est</span> <span class='ocrx_word' id='word_1_101' title='bbox 2035 1476 2097 1524; x_wconf 93' lang='lat' dir='ltr'>ad</span> <span class='ocrx_word' id='word_1_102' title='bbox 2132 1475 2409 1538; x_wconf 86' lang='lat' dir='ltr'>Capitulum</span> <span class='ocrx_word' id='word_1_103' title='bbox 2445 1477 2542 1524; x_wconf 91' lang='lat' dir='ltr'>Ge-</span> 
     </span>
     <span class='ocr_line' id='line_1_12' title="bbox 565 1560 2542 1637; baseline 0 -17"><span class='ocrx_word' id='word_1_104' title='bbox 565 1574 726 1621; x_wconf 89' lang='lat' dir='ltr'>nerale</span> <span class='ocrx_word' id='word_1_105' title='bbox 760 1573 982 1629; x_wconf 86' lang='lat' dir='ltr'>Cistertii,</span> <span class='ocrx_word' id='word_1_106' title='bbox 1025 1581 1075 1621; x_wconf 92' lang='lat' dir='ltr'>et</span> <span class='ocrx_word' id='word_1_107' title='bbox 1110 1574 1315 1621; x_wconf 87' lang='lat' dir='ltr'>Romam</span> <span class='ocrx_word' id='word_1_108' title='bbox 1348 1575 1422 1621; x_wconf 91' lang='lat' dir='ltr'>bis</span> <span class='ocrx_word' id='word_1_109' title='bbox 1458 1575 1507 1620; x_wconf 93' lang='lat' dir='ltr'>in</span> <span class='ocrx_word' id='word_1_110' title='bbox 1543 1575 1854 1622; x_wconf 87' lang='lat' dir='ltr'>contentione</span> <span class='ocrx_word' id='word_1_111' title='bbox 1893 1575 1997 1636; x_wconf 86' lang='lat' dir='ltr'>ejus</span> <span class='ocrx_word' id='word_1_112' title='bbox 2031 1560 2187 1622; x_wconf 88' lang='lat' dir='ltr'>terrae</span> <span class='ocrx_word' id='word_1_113' title='bbox 2221 1591 2362 1636; x_wconf 90' lang='lat' dir='ltr'>quam</span> <span class='ocrx_word' id='word_1_114' title='bbox 2398 1575 2542 1637; x_wconf 85' lang='lat' dir='ltr'>vulgo</span> 
     </span>
    </p>
   </div>
   <div class='ocr_carea' id='block_1_3' title="bbox 565 1674 1249 1734">
    <p class='ocr_par' dir='ltr' id='par_1_3' title="bbox 565 1674 1249 1734">
     <span class='ocr_line' id='line_1_13' title="bbox 565 1674 1249 1734; baseline -0.001 -14"><span class='ocrx_word' id='word_1_115' title='bbox 565 1674 799 1734; x_wconf 87' lang='lat' dir='ltr'>Tapetum</span> <span class='ocrx_word' id='word_1_116' title='bbox 824 1674 1044 1721; x_wconf 92' lang='lat' dir='ltr'>monachi</span> <span class='ocrx_word' id='word_1_117' title='bbox 1069 1675 1249 1720; x_wconf 91' lang='lat' dir='ltr'>dicunt.</span> 
     </span>
    </p>
   </div>
   <div class='ocr_carea' id='block_1_4' title="bbox 872 1885 2230 2047">
    <p class='ocr_par' dir='ltr' id='par_1_4' title="bbox 872 1885 2230 2047">
     <span class='ocr_line' id='line_1_14' title="bbox 872 1885 2230 1940; baseline 0 -7"><span class='ocrx_word' id='word_1_118' title='bbox 872 1886 1117 1934; x_wconf 79' lang='lat' dir='ltr'>D0M1Nus</span> <span class='ocrx_word' id='word_1_119' title='bbox 1140 1886 1299 1933; x_wconf 74' lang='lat' dir='ltr'>ADAM</span> <span class='ocrx_word' id='word_1_120' title='bbox 1325 1900 1392 1933; x_wconf 82' lang='lat' dir='ltr'>DE</span> <span class='ocrx_word' id='word_1_121' title='bbox 1416 1886 1594 1940; x_wconf 80' lang='lat' dir='ltr'>TERAS,</span> <span class='ocrx_word' id='word_1_122' title='bbox 1619 1885 1793 1934; x_wconf 73' lang='lat' dir='ltr'>ABBAs</span> <span class='ocrx_word' id='word_1_123' title='bbox 1816 1902 1847 1933; x_wconf 79' lang='lat' dir='ltr'>A</span> <span class='ocrx_word' id='word_1_124' title='bbox 1871 1886 2087 1935; x_wconf 79' lang='lat' dir='ltr'>KYNLos</span> <span class='ocrx_word' id='word_1_125' title='bbox 2111 1886 2230 1935; x_wconf 87' lang='lat' dir='ltr'>XV.</span> 
     </span>
     <span class='ocr_line' id='line_1_15' title="bbox 1094 1985 2016 2047; baseline -0.001 -15"><span class='ocrx_word' id='word_1_126' title='bbox 1094 1985 1231 2033; x_wconf 89' lang='lat' dir='ltr'>Obiit</span> <span class='ocrx_word' id='word_1_127' title='bbox 1258 1987 1377 2047; x_wconf 87' lang='lat' dir='ltr'>prid.</span> <span class='ocrx_word' id='word_1_128' title='bbox 1405 1985 1535 2032; x_wconf 91' lang='lat' dir='ltr'>Non.</span> <span class='ocrx_word' id='word_1_129' title='bbox 1559 1985 1694 2032; x_wconf 88' lang='lat' dir='ltr'>Junii</span> <span class='ocrx_word' id='word_1_130' title='bbox 1719 1985 1847 2032; x_wconf 88' lang='lat' dir='ltr'>A.D.</span> <span class='ocrx_word' id='word_1_131' title='bbox 1878 1990 2016 2033; x_wconf 89' lang='lat'>1401.</span> 
     </span>
    </p>
   </div>
   <div class='ocr_carea' id='block_1_5' title="bbox 570 2166 2549 3218">
    <p class='ocr_par' dir='ltr' id='par_1_5' title="bbox 570 2166 2549 3218">
     <span class='ocr_line' id='line_1_16' title="bbox 636 2166 2542 2229; baseline 0.002 -18"><span class='ocrx_word' id='word_1_132' title='bbox 636 2166 684 2212; x_wconf 90' lang='lat' dir='ltr'>Is</span> <span class='ocrx_word' id='word_1_133' title='bbox 708 2169 890 2214; x_wconf 88' lang='lat' dir='ltr'>curavit</span> <span class='ocrx_word' id='word_1_134' title='bbox 907 2166 1128 2214; x_wconf 89' lang='lat' dir='ltr'>solarium</span> <span class='ocrx_word' id='word_1_135' title='bbox 1154 2166 1203 2214; x_wconf 89' lang='lat' dir='ltr'>S.</span> <span class='ocrx_word' id='word_1_136' title='bbox 1223 2167 1389 2214; x_wconf 86' lang='lat' dir='ltr'>Crucis</span> <span class='ocrx_word' id='word_1_137' title='bbox 1408 2173 1458 2213; x_wconf 90' lang='lat' dir='ltr'>et</span> <span class='ocrx_word' id='word_1_138' title='bbox 1475 2166 1810 2228; x_wconf 81' lang='lat' dir='ltr'>presbiterium</span> <span class='ocrx_word' id='word_1_139' title='bbox 1830 2166 1978 2227; x_wconf 89' lang='lat' dir='ltr'>(quod</span> <span class='ocrx_word' id='word_1_140' title='bbox 1997 2168 2219 2229; x_wconf 83' lang='lat' dir='ltr'>vocant);</span> <span class='ocrx_word' id='word_1_141' title='bbox 2255 2173 2372 2228; x_wconf 89' lang='lat' dir='ltr'>puto</span> <span class='ocrx_word' id='word_1_142' title='bbox 2397 2169 2542 2215; x_wconf 90' lang='lat' dir='ltr'>etiam</span> 
     </span>
     <span class='ocr_line' id='line_1_17' title="bbox 570 2262 2543 2328; baseline 0.002 -17"><span class='ocrx_word' id='word_1_143' title='bbox 570 2282 597 2312; x_wconf 88' lang='lat' dir='ltr'>a</span> <span class='ocrx_word' id='word_1_144' title='bbox 629 2262 938 2313; x_wconf 86' lang='lat' dir='ltr'>similitudine</span> <span class='ocrx_word' id='word_1_145' title='bbox 972 2263 1236 2326; x_wconf 90' lang='lat' dir='ltr'>presbiterii</span> <span class='ocrx_word' id='word_1_146' title='bbox 1271 2263 1467 2327; x_wconf 79' lang='lat' dir='ltr'>posuisse</span> <span class='ocrx_word' id='word_1_147' title='bbox 1503 2274 1717 2313; x_wconf 82' lang='lat' dir='ltr'>veterem</span> <span class='ocrx_word' id='word_1_148' title='bbox 1752 2266 1950 2313; x_wconf 91' lang='lat' dir='ltr'>chorum</span> <span class='ocrx_word' id='word_1_149' title='bbox 1985 2281 2128 2327; x_wconf 92' lang='lat' dir='ltr'>quem</span> <span class='ocrx_word' id='word_1_150' title='bbox 2163 2282 2317 2328; x_wconf 92' lang='lat' dir='ltr'>nuper</span> <span class='ocrx_word' id='word_1_151' title='bbox 2338 2267 2543 2314; x_wconf 80' lang='lat' dir='ltr'>Thomas</span> 
     </span>
     <span class='ocr_line' id='line_1_18' title="bbox 571 2363 2544 2427; baseline 0.001 -17"><span class='ocrx_word' id='word_1_152' title='bbox 571 2364 738 2412; x_wconf 86' lang='lat' dir='ltr'>Abbas</span> <span class='ocrx_word' id='word_1_153' title='bbox 756 2365 1014 2412; x_wconf 87' lang='lat' dir='ltr'>demolitus</span> <span class='ocrx_word' id='word_1_154' title='bbox 1032 2363 1115 2420; x_wconf 85' lang='lat' dir='ltr'>est,</span> <span class='ocrx_word' id='word_1_155' title='bbox 1133 2363 1399 2426; x_wconf 90' lang='lat' dir='ltr'>subjiciens,</span> <span class='ocrx_word' id='word_1_156' title='bbox 1424 2365 1552 2411; x_wconf 90' lang='lat' dir='ltr'>illius</span> <span class='ocrx_word' id='word_1_157' title='bbox 1570 2365 1688 2420; x_wconf 81' lang='lat' dir='ltr'>loeo,</span> <span class='ocrx_word' id='word_1_158' title='bbox 1707 2381 1887 2412; x_wconf 84' lang='lat' dir='ltr'>novum</span> <span class='ocrx_word' id='word_1_159' title='bbox 1907 2371 1957 2412; x_wconf 93' lang='lat' dir='ltr'>et</span> <span class='ocrx_word' id='word_1_160' title='bbox 1974 2365 2326 2427; x_wconf 89' lang='lat' dir='ltr'>perpulchrum.</span> <span class='ocrx_word' id='word_1_161' title='bbox 2397 2365 2544 2412; x_wconf 85' lang='lat' dir='ltr'>Fama</span> 
     </span>
     <span class='ocr_line' id='line_1_19' title="bbox 572 2462 2542 2526; baseline 0.001 -16"><span class='ocrx_word' id='word_1_162' title='bbox 572 2462 749 2510; x_wconf 85' lang='lat' dir='ltr'>estimo</span> <span class='ocrx_word' id='word_1_163' title='bbox 768 2462 1075 2511; x_wconf 72' lang='lat' dir='ltr'>certissimum</span> <span class='ocrx_word' id='word_1_164' title='bbox 1093 2465 1221 2511; x_wconf 91' lang='lat' dir='ltr'>hunc</span> <span class='ocrx_word' id='word_1_165' title='bbox 1239 2462 1498 2519; x_wconf 88' lang='lat' dir='ltr'>Adamum,</span> <span class='ocrx_word' id='word_1_166' title='bbox 1524 2462 1773 2511; x_wconf 89' lang='lat' dir='ltr'>oscitantia</span> <span class='ocrx_word' id='word_1_167' title='bbox 1789 2463 1947 2512; x_wconf 89' lang='lat' dir='ltr'>nescio</span> <span class='ocrx_word' id='word_1_168' title='bbox 1965 2480 2071 2525; x_wconf 91' lang='lat' dir='ltr'>qua,</span> <span class='ocrx_word' id='word_1_169' title='bbox 2095 2463 2345 2526; x_wconf 71' lang='lat' dir='ltr'>perdidisse</span> <span class='ocrx_word' id='word_1_170' title='bbox 2367 2466 2542 2512; x_wconf 92' lang='lat' dir='ltr'>bonam</span> 
     </span>
     <span class='ocr_line' id='line_1_20' title="bbox 572 2561 2545 2626; baseline 0.001 -16"><span class='ocrx_word' id='word_1_171' title='bbox 572 2570 758 2623; x_wconf 88' lang='lat' dir='ltr'>partem</span> <span class='ocrx_word' id='word_1_172' title='bbox 780 2565 889 2626; x_wconf 89' lang='lat' dir='ltr'>pagi</span> <span class='ocrx_word' id='word_1_173' title='bbox 914 2564 974 2610; x_wconf 88' lang='lat' dir='ltr'>de</span> <span class='ocrx_word' id='word_1_174' title='bbox 989 2563 1147 2618; x_wconf 88' lang='lat' dir='ltr'>Teras,</span> <span class='ocrx_word' id='word_1_175' title='bbox 1172 2578 1315 2624; x_wconf 90' lang='lat' dir='ltr'>quam</span> <span class='ocrx_word' id='word_1_176' title='bbox 1338 2578 1467 2609; x_wconf 89' lang='lat' dir='ltr'>nunc</span> <span class='ocrx_word' id='word_1_177' title='bbox 1490 2563 1636 2610; x_wconf 88' lang='lat' dir='ltr'>habet</span> <span class='ocrx_word' id='word_1_178' title='bbox 1660 2562 1909 2610; x_wconf 81' lang='lat' dir='ltr'>Moraviae</span> <span class='ocrx_word' id='word_1_179' title='bbox 1932 2563 2119 2610; x_wconf 86' lang='lat' dir='ltr'>Comes.</span> <span class='ocrx_word' id='word_1_180' title='bbox 2188 2561 2348 2624; x_wconf 75' lang='lat' dir='ltr'>Hans</span> <span class='ocrx_word' id='word_1_181' title='bbox 2366 2563 2545 2611; x_wconf 91' lang='lat' dir='ltr'>Adami</span> 
     </span>
     <span class='ocr_line' id='line_1_21' title="bbox 574 2660 2545 2724; baseline 0.001 -16"><span class='ocrx_word' id='word_1_182' title='bbox 574 2661 668 2708; x_wconf 80' lang='lat' dir='ltr'>ossa</span> <span class='ocrx_word' id='word_1_183' title='bbox 692 2663 858 2723; x_wconf 87' lang='lat' dir='ltr'>jacent</span> <span class='ocrx_word' id='word_1_184' title='bbox 892 2662 978 2709; x_wconf 91' lang='lat' dir='ltr'>sub</span> <span class='ocrx_word' id='word_1_185' title='bbox 1012 2662 1170 2724; x_wconf 89' lang='lat' dir='ltr'>lapide</span> <span class='ocrx_word' id='word_1_186' title='bbox 1209 2660 1390 2724; x_wconf 87' lang='lat' dir='ltr'>signato</span> <span class='ocrx_word' id='word_1_187' title='bbox 1428 2668 1542 2708; x_wconf 88' lang='lat' dir='ltr'>ante</span> <span class='ocrx_word' id='word_1_188' title='bbox 1580 2660 1927 2723; x_wconf 88' lang='lat' dir='ltr'>presbiterium.</span> <span class='ocrx_word' id='word_1_189' title='bbox 1996 2662 2174 2709; x_wconf 87' lang='lat' dir='ltr'>Adami</span> <span class='ocrx_word' id='word_1_190' title='bbox 2214 2663 2362 2709; x_wconf 86' lang='lat' dir='ltr'>etiam</span> <span class='ocrx_word' id='word_1_191' title='bbox 2402 2678 2545 2723; x_wconf 89' lang='lat' dir='ltr'>opera</span> 
     </span>
     <span class='ocr_line' id='line_1_22' title="bbox 575 2758 2545 2822; baseline 0.001 -14"><span class='ocrx_word' id='word_1_192' title='bbox 575 2759 814 2809; x_wconf 60' lang='lat' dir='ltr'>exstructa</span> <span class='ocrx_word' id='word_1_193' title='bbox 836 2760 906 2808; x_wconf 86' lang='lat' dir='ltr'>est</span> <span class='ocrx_word' id='word_1_194' title='bbox 928 2761 1037 2808; x_wconf 87' lang='lat' dir='ltr'>aula</span> <span class='ocrx_word' id='word_1_195' title='bbox 1059 2762 1246 2808; x_wconf 89' lang='lat' dir='ltr'>abbatis</span> <span class='ocrx_word' id='word_1_196' title='bbox 1269 2776 1390 2821; x_wconf 89' lang='lat' dir='ltr'>quae</span> <span class='ocrx_word' id='word_1_197' title='bbox 1413 2776 1541 2807; x_wconf 91' lang='lat' dir='ltr'>nunc</span> <span class='ocrx_word' id='word_1_198' title='bbox 1565 2758 1744 2806; x_wconf 86' lang='lat' dir='ltr'>visitur.</span> <span class='ocrx_word' id='word_1_199' title='bbox 1813 2760 2010 2807; x_wconf 85' lang='lat' dir='ltr'>Invexit</span> <span class='ocrx_word' id='word_1_200' title='bbox 2041 2766 2091 2807; x_wconf 89' lang='lat' dir='ltr'>et</span> <span class='ocrx_word' id='word_1_201' title='bbox 2125 2761 2429 2822; x_wconf 78' lang='lat' dir='ltr'>pontificalia,</span> <span class='ocrx_word' id='word_1_202' title='bbox 2464 2762 2545 2810; x_wconf 88' lang='lat' dir='ltr'>sed</span> 
     </span>
     <span class='ocr_line' id='line_1_23' title="bbox 575 2858 2546 2920; baseline 0.001 -14"><span class='ocrx_word' id='word_1_203' title='bbox 575 2867 737 2906; x_wconf 88' lang='lat' dir='ltr'>tamen</span> <span class='ocrx_word' id='word_1_204' title='bbox 771 2860 857 2907; x_wconf 90' lang='lat' dir='ltr'>sub</span> <span class='ocrx_word' id='word_1_205' title='bbox 892 2860 1127 2907; x_wconf 90' lang='lat' dir='ltr'>Pontifice</span> <span class='ocrx_word' id='word_1_206' title='bbox 1162 2858 1423 2906; x_wconf 90' lang='lat' dir='ltr'>scismatico</span> <span class='ocrx_word' id='word_1_207' title='bbox 1458 2858 1722 2905; x_wconf 70' lang='lat' dir='ltr'>Benedifilm</span> <span class='ocrx_word' id='word_1_208' title='bbox 1759 2871 1874 2905; x_wconf 86' lang='lat' dir='ltr'>xm.</span> <span class='ocrx_word' id='word_1_209' title='bbox 1909 2874 2034 2906; x_wconf 89' lang='lat' dir='ltr'>anno</span> <span class='ocrx_word' id='word_1_210' title='bbox 2073 2860 2380 2920; x_wconf 88' lang='lat' dir='ltr'>pontificatus</span> <span class='ocrx_word' id='word_1_211' title='bbox 2418 2861 2546 2908; x_wconf 90' lang='lat' dir='ltr'>illius</span> 
     </span>
     <span class='ocr_line' id='line_1_24' title="bbox 579 2955 2546 3023; baseline 0.001 -19"><span class='ocrx_word' id='word_1_212' title='bbox 579 2961 729 3019; x_wconf 88' lang='lat' dir='ltr'>primo</span> <span class='ocrx_word' id='word_1_213' title='bbox 770 2961 799 3005; x_wconf 89' lang='lat' dir='ltr'>i.</span> <span class='ocrx_word' id='word_1_214' title='bbox 835 2976 876 3006; x_wconf 88' lang='lat' dir='ltr'>e.</span> <span class='ocrx_word' id='word_1_215' title='bbox 911 2957 1040 3006; x_wconf 89' lang='lat' dir='ltr'>A.D.</span> <span class='ocrx_word' id='word_1_216' title='bbox 1080 2962 1220 3013; x_wconf 82' lang='lat'>1391,</span> <span class='ocrx_word' id='word_1_217' title='bbox 1256 2958 1368 3004; x_wconf 90' lang='lat' dir='ltr'>data</span> <span class='ocrx_word' id='word_1_218' title='bbox 1400 2955 1655 3003; x_wconf 86' lang='lat' dir='ltr'>Avenione</span> <span class='ocrx_word' id='word_1_219' title='bbox 1697 2960 1725 3006; x_wconf 91' lang='lat'>9</span> <span class='ocrx_word' id='word_1_220' title='bbox 1767 2955 1878 3003; x_wconf 88' lang='lat' dir='ltr'>Kal.</span> <span class='ocrx_word' id='word_1_221' title='bbox 1916 2955 2149 3023; x_wconf 58' lang='lat' dir='ltr'>Obtobris.</span> <span class='ocrx_word' id='word_1_222' title='bbox 2219 2957 2292 3004; x_wconf 91' lang='lat' dir='ltr'>Eo</span> <span class='ocrx_word' id='word_1_223' title='bbox 2332 2964 2546 3019; x_wconf 90' lang='lat' dir='ltr'>tempore</span> 
     </span>
     <span class='ocr_line' id='line_1_25' title="bbox 582 3055 2549 3117; baseline 0 -15"><span class='ocrx_word' id='word_1_224' title='bbox 582 3059 701 3103; x_wconf 87' lang='lat' dir='ltr'>vixit</span> <span class='ocrx_word' id='word_1_225' title='bbox 738 3058 957 3104; x_wconf 86' lang='lat' dir='ltr'>dominus</span> <span class='ocrx_word' id='word_1_226' title='bbox 994 3057 1266 3105; x_wconf 88' lang='lat' dir='ltr'>Gulielmus</span> <span class='ocrx_word' id='word_1_227' title='bbox 1306 3056 1365 3103; x_wconf 92' lang='lat' dir='ltr'>de</span> <span class='ocrx_word' id='word_1_228' title='bbox 1406 3055 1568 3117; x_wconf 90' lang='lat' dir='ltr'>Spine‚</span> <span class='ocrx_word' id='word_1_229' title='bbox 1609 3055 1869 3102; x_wconf 90' lang='lat' dir='ltr'>monachus</span> <span class='ocrx_word' id='word_1_230' title='bbox 1904 3071 2203 3117; x_wconf 88' lang='lat' dir='ltr'>nequaquam</span> <span class='ocrx_word' id='word_1_231' title='bbox 2237 3062 2549 3104; x_wconf 74' lang='lat' dir='ltr'>contemnem·</span> 
     </span>
     <span class='ocr_line' id='line_1_26' title="bbox 581 3152 2544 3218; baseline 0.001 -17"><span class='ocrx_word' id='word_1_232' title='bbox 581 3158 682 3202; x_wconf 89' lang='lat' dir='ltr'>dus.</span> <span class='ocrx_word' id='word_1_233' title='bbox 751 3156 988 3203; x_wconf 88' lang='lat' dir='ltr'>Referunt</span> <span class='ocrx_word' id='word_1_234' title='bbox 1028 3157 1156 3203; x_wconf 90' lang='lat' dir='ltr'>hunc</span> <span class='ocrx_word' id='word_1_235' title='bbox 1196 3154 1440 3202; x_wconf 90' lang='lat' dir='ltr'>Adamum</span> <span class='ocrx_word' id='word_1_236' title='bbox 1476 3169 1645 3215; x_wconf 88' lang='lat' dir='ltr'>parum</span> <span class='ocrx_word' id='word_1_237' title='bbox 1678 3155 1852 3216; x_wconf 88' lang='lat' dir='ltr'>pudice</span> <span class='ocrx_word' id='word_1_238' title='bbox 1885 3152 2156 3218; x_wconf 83' lang='lat' dir='ltr'>transegisse</span> <span class='ocrx_word' id='word_1_239' title='bbox 2189 3156 2341 3203; x_wconf 80' lang='lat' dir='ltr'>vitam</span> <span class='ocrx_word' id='word_1_240' title='bbox 2373 3160 2430 3202; x_wconf 92' lang='lat' dir='ltr'>ut</span> <span class='ocrx_word' id='word_1_241' title='bbox 2463 3158 2544 3217; x_wconf 92' lang='lat' dir='ltr'>qui</span> 
     </span>
    </p>
   </div>
   <div class='ocr_carea' id='block_1_6' title="bbox 582 3250 1691 3316">
    <p class='ocr_par' dir='ltr' id='par_1_6' title="bbox 582 3250 1691 3316">
     <span class='ocr_line' id='line_1_27' title="bbox 582 3250 1691 3316; baseline -0.004 -13"><span class='ocrx_word' id='word_1_242' title='bbox 582 3272 641 3303; x_wconf 81' lang='lat' dir='ltr'>ex</span> <span class='ocrx_word' id='word_1_243' title='bbox 677 3257 997 3303; x_wconf 85' lang='lat' dir='ltr'>concubinatu</span> <span class='ocrx_word' id='word_1_244' title='bbox 1030 3255 1186 3316; x_wconf 87' lang='lat' dir='ltr'>proles</span> <span class='ocrx_word' id='word_1_245' title='bbox 1221 3254 1403 3315; x_wconf 86' lang='lat' dir='ltr'>aliquot</span> <span class='ocrx_word' id='word_1_246' title='bbox 1436 3250 1691 3300; x_wconf 87' lang='lat' dir='ltr'>sustulerit.</span> 
     </span>
    </p>
   </div>
  </div>
 </body>
</html>
