2938 3762
1011 459 1068 505 M
1073 459 1448 509 ONASTERII
1483 464 1531 510 A
1566 464 1865 513 KYNLOS.
2355 479 2413 519 35

517 583 678 646 Hujus
702 587 886 634 abbatis
921 586 990 635 est
1013 588 1171 651 fiphus
1195 592 1276 638 ille
1301 609 1408 639 cum
1433 595 1607 641 circulo
1632 602 1868 658 argenteo,
1899 599 1979 658 qui
2003 599 2156 646 adhuc
2181 600 2230 645 in
2258 601 2414 648 mensa

449 688 500 728 et
524 684 634 731 aula
656 686 883 732 abbatum
907 703 935 733 a
958 686 1146 749 Kynlos
1171 691 1510 738 circumfertur.

659 849 903 896 DOMINUS
938 850 1241 899 GULIELMUS
1275 854 1512 910 CULRoss,
1547 855 1718 903 ABBAS
1753 872 1782 903 A
1818 858 2030 907 KYNLos
2066 861 2211 907 XXI.

872 948 1008 995 Obiit
1035 955 1061 996 5
1087 950 1188 1021 Cal.
1212 951 1440 1008 Januarii,
1465 953 1611 1000 Anno
1636 954 1830 1002 Domini
1858 961 1994 1004 1504.

514 1067 743 1129 Sepultus
772 1068 841 1116 est
863 1072 913 1116 in
936 1071 1108 1119 sacello
1133 1073 1181 1120 S.
1206 1074 1445 1131 Thomae3
1481 1082 1543 1130 et,
1568 1079 1964 1137 quemadmodum
1987 1082 2189 1127 moriens
2204 1079 2409 1142 jufferat,

450 1167 538 1226 (ita
561 1171 738 1216 narrari
762 1172 1028 1218 audivimus
1052 1188 1148 1218 non
1170 1171 1315 1220 semel
1343 1175 1403 1220 ab
1426 1176 1482 1220 iis
1517 1177 1597 1235 qui
1631 1177 1982 1239 interfuerunt),
2014 1180 2203 1226 domino
2236 1181 2268 1227 J
2271 1185 2409 1228 oanni

451 1267 647 1314 Hunter
680 1271 913 1316 monacho
949 1270 1062 1316 olim
1095 1270 1189 1326 suo,
1228 1274 1327 1318 viro
1361 1289 1457 1318 non
1491 1272 1590 1319 fine
1624 1275 1844 1334 opinione
1867 1273 2194 1325 sanfflfimoniae
2228 1281 2412 1342 religio-

448 1363 630 1421 fiffimo,
658 1369 936 1428 conjunctus
960 1366 1040 1415 est.
1111 1369 1208 1416 Hic
1231 1371 1374 1417 abbas
1402 1372 1529 1417 mole
1551 1379 1772 1433 gravatus
1797 1390 2028 1435 corporea,
2063 1374 2166 1437 post
2188 1379 2411 1438 pauculos

448 1464 559 1512 suae
594 1464 1011 1513 administrationis
1045 1484 1206 1523 annos,
1243 1470 1489 1516 dominum
1523 1470 1753 1518 Thomam
1788 1471 1987 1534 Crystall
2016 1475 2065 1519 in
2098 1473 2410 1531 succeffmem,

448 1566 595 1611 etiam
619 1566 796 1620 vivens,
821 1565 1104 1613 monasterio
1138 1567 1220 1614 suo
1254 1570 1494 1629 praefecit.
1563 1570 1683 1616 Toto
1706 1570 1787 1617 suo
1811 1571 2099 1634 magistratu,
2135 1575 2278 1621 abbas
2302 1575 2413 1622 Oul-

448 1663 544 1710 ross
568 1665 687 1710 nihil
713 1681 922 1726 unquam
946 1669 1107 1729 magni
1142 1668 1269 1722 fecit,
1306 1674 1368 1723 et,
1393 1674 1448 1714 ut
1471 1685 1567 1714 non
1604 1672 1739 1716 auxit
1762 1672 1903 1731 hujus
1929 1672 2020 1717 loci
2054 1673 2188 1727 bona,
2224 1675 2291 1720 ita
2324 1691 2411 1721 nec

449 1765 705 1810 imminuit.
765 1764 1087 1812 Consueverat
1110 1768 1328 1813 manibus
1351 1769 1550 1828 propriis
1574 1769 1728 1815 multa
1751 1770 1929 1816 facere:
1965 1771 2220 1831 plurimum
2243 1772 2411 1819 scribe-

450 1863 532 1908 bat
557 1869 606 1908 et
639 1864 865 1910 decenter
898 1866 1079 1910 rituum
1114 1865 1258 1910 libros
1290 1866 1432 1926 hujus
1466 1866 1584 1920 loci3
1620 1883 1961 1928 nonnunquam
1996 1874 2045 1914 et
2080 1871 2129 1914 in
2161 1871 2323 1925 hortis,
2360 1873 2409 1916 in

449 1962 734 2008 revellendis
758 1964 1014 2017 arboribus,
1040 1961 1310 2018 inserendis,
1337 1970 1386 2009 et
1405 1965 1506 2010 aliis
1525 1965 1572 2010 id
1590 1980 1752 2026 genus,
1779 1967 1837 2012 ad
1856 1965 2045 2012 sudores
2064 1967 2208 2027 usque
2232 1968 2411 2015 labora-

449 2062 544 2106 bat.
604 2061 696 2108 Vir
718 2060 829 2107 satis
847 2063 966 2122 pius,
991 2059 1078 2107 nifi
1102 2064 1254 2108 carnis
1273 2063 1598 2123 voluptatibus
1616 2069 1666 2109 et
1690 2065 1851 2109 veneri
1873 2063 2195 2111 succubuisset.
2254 2065 2411 2127 Hujus

449 2161 634 2207 abbatis
668 2167 897 2222 tempore,
930 2159 1153 2223 magister
1186 2161 1396 2207 Jacobus
1433 2161 1631 2207 Bunche
1664 2162 1807 2207 abbas
1836 2160 2306 2217 Balmerenothenfis,
2342 2166 2412 2209 vir

449 2260 714 2322 theologus,
740 2260 913 2305 floruit.
984 2259 1086 2306 Sub
1120 2258 1485 2321 refignationem
1516 2260 1700 2306 abbatis
1725 2259 1966 2313 Gulielmi‚
1991 2258 2189 2320 suscepti
2220 2259 2327 2306 sunt
2362 2263 2410 2306 in

448 2359 786 2405 monachatum
821 2358 1041 2403 dominus
1063 2357 1283 2403 Andreas
1308 2357 1548 2412 Weddell,
1574 2363 1623 2403 et
1648 2358 1865 2402 dominus
1887 2357 1919 2402 J
1922 2372 2096 2403 oannes
2121 2357 2302 2412 Childe,
2328 2361 2406 2418 qui

447 2459 594 2503 etiam
617 2473 745 2503 nunc
770 2458 952 2510 vivunt,
978 2457 1065 2502 viri
1083 2455 1216 2502 senes
1241 2461 1290 2501 et
1313 2456 1460 2516 probi.

668 2613 910 2658 D0M1Nus
933 2612 1143 2658 THOMAS
1167 2611 1504 2665 GRYsTALLus,
1529 2610 1701 2655 ABBAS
1725 2624 1754 2655 A
1779 2609 1991 2657 KYNLos
2015 2610 2191 2656 XXII.

515 2753 729 2798 Primum
764 2749 1033 2798 adolescens
1058 2766 1180 2797 anno
1205 2750 1314 2796 suae
1348 2751 1518 2796 aetatis
1543 2750 1725 2795 decimo
1761 2749 1934 2803 oaavo,
1967 2766 1994 2796 a
2017 2750 2204 2794 domino
2239 2749 2407 2794 abbate

450 2852 694 2899 Gulielmo
741 2850 976 2897 Galbreth
1022 2850 1170 2896 factus
1216 2847 1285 2895 est
1331 2844 1645 2894 Cistercienfis
1693 2845 1899 2893 instituti
1949 2847 2236 2901 candidatus,
2282 2861 2405 2893 anno

450 2953 646 2998 Domini
673 2954 812 3003 1487,
839 2951 914 2995 die
938 2950 1162 2995 nimirum
1189 2948 1494 3009 Epiphaniae.

515 3050 755 3097 Revoluto
790 3064 928 3102 anno,
964 3048 1130 3094 eadem
1166 3048 1312 3092 etiam
1347 3046 1436 3099 die,
1473 3041 1542 3090 est
1576 3041 1813 3104 profeffus.
1894 3042 2122 3088 Sacerdos
2156 3042 2304 3088 fa8ms
2337 3040 2407 3087 est

451 3147 624 3209 postea,
652 3146 737 3194 sub
764 3145 976 3208 praesule
1012 3142 1250 3198 Roffense,
1281 3145 1331 3189 in
1359 3143 1594 3188 novitiatu
1631 3142 1809 3186 domini
1846 3140 2041 3186 Davidis
2077 3140 2242 3201 Spens,
2281 3155 2405 3185 nunc

451 3249 630 3309 prioris.
686 3246 832 3292 Anno
856 3261 966 3291 vero
991 3244 1184 3291 Domini
1213 3246 1350 3296 1499,
1376 3241 1448 3287 Id.
1467 3240 1692 3293 Januarii,
1709 3255 1737 3286 a
1755 3239 1944 3284 domino
1963 3238 2204 3285 Gulielmo
2222 3237 2406 3284 culross

1418 3353 1448 3384 E
