2938 3762
941 447 1378 496 MONASTERII
1414 449 1462 496 A
1498 449 1794 499 KYNLOS.
2321 462 2348 503 7

385 576 448 622 ad
471 590 630 623 veram
644 574 919 639 justamque
942 579 1259 626 eruditionem
1280 578 1470 642 spectat.
1518 580 1571 627 Si
1594 583 1675 642 qui
1698 582 1987 629 videbuntur
2009 581 2167 629 lascivi
2189 585 2349 645 magis,

388 689 530 734 quam
554 681 609 723 ut
631 676 703 723 illi
726 677 1012 723 conveniant
1039 679 1198 731 aetati,
1222 676 1531 728 submoveant
1552 683 1837 742 prudenter:
1875 684 2067 729 interim
2101 683 2250 730 relicti
2273 685 2351 744 qui

387 776 460 822 his
479 778 694 824 omnium
711 777 904 824 calculis
926 779 1199 838 probantur.
1249 779 1421 826 Pateat
1442 780 1553 825 hinc
1576 780 1734 826 aditus
1758 781 1816 826 ad
1839 781 2138 835 rhetoricem‚
2163 782 2252 828 hoc
2270 781 2351 834 est,

387 875 448 920 ad
470 875 594 921 bene
617 881 878 936 ornateque
901 877 1089 924 dicendi
1116 878 1360 938 peritiam:
1400 875 1463 925 fic
1486 879 1614 925 enim
1638 878 1834 933 faciliua
1870 880 1929 926 ad
1952 894 2112 926 veram
2146 879 2353 927 dialecti-

388 988 494 1019 cam
516 972 875 1036 universamque
897 974 1252 1038 philosophiam,
1276 977 1475 1039 gradum
1498 957 1641 1024 faciat
1666 977 1896 1038 juventus
1920 979 2110 1038 optima.
2179 977 2239 1024 In
2261 993 2354 1039 qua

388 1070 485 1119 sola
506 1074 629 1120 bene
652 1075 886 1135 beateque
909 1076 1100 1122 vivendi
1125 1076 1355 1123 formulae
1379 1090 1544 1122 omnes
1567 1075 1721 1123 latent
1743 1073 2039 1137 penitiffime.
2108 1076 2353 1137 Siquidem

387 1172 681 1234 philosophia
717 1179 766 1220 et
800 1174 1068 1234 principum
1099 1180 1150 1220 et
1186 1174 1482 1234 plebeiorum
1503 1173 1659 1220 tutela
1690 1173 1832 1235 longe
1867 1175 2045 1235 optima
2066 1174 2351 1234 perhibetur.

391 1270 528 1319 Haec
549 1270 646 1318 sola
667 1272 883 1332 palantes
906 1273 1113 1333 primum
1128 1273 1346 1319 homines
1362 1273 1413 1318 in
1429 1287 1581 1318 unum
1599 1286 1766 1332 corpus
1784 1273 2034 1333 compegit,
2057 1272 2185 1334 leges
2202 1270 2354 1333 posuit

390 1371 450 1417 ad
474 1370 786 1431 Reipublicae
808 1370 1142 1432 gubernacula,
1167 1371 1337 1431 quibus
1355 1371 1522 1416 virtuti
1544 1371 1754 1431 praemia
1769 1368 2112 1430 sceleribusque
2132 1368 2357 1431 supplicia

392 1470 704 1516 decernimus.
774 1468 951 1516 Pacem
984 1474 1150 1516 tuetur
1172 1467 1479 1530 philosophia,
1511 1473 1636 1515 artes
1658 1465 1838 1522 statuit,
1863 1483 1917 1515 ac
1939 1467 2217 1530 religionem
2249 1484 2358 1515 auc-

390 1570 563 1615 tiorem
581 1569 963 1628 ornatioremque
984 1567 1155 1615 reddit.
1213 1567 1307 1614 Per
1329 1581 1435 1614 eam
1458 1564 1760 1613 reflorescunt
1783 1567 1834 1612 in
1856 1564 2124 1612 universum
2147 1565 2358 1612 liberalia

392 1664 559 1721 studia,
620 1681 810 1713 morum
855 1664 1031 1712 fatiscit
1076 1665 1358 1726 corruptela,
1406 1663 1625 1711 seruntur
1668 1665 1869 1710 virtutes
1894 1679 1904 1711 τ
1951 1664 2155 1724 denique
2201 1664 2357 1709 divina

390 1767 601 1813 humana
633 1781 727 1826 que
760 1765 920 1812 omnia
951 1765 1093 1825 hujus
1114 1761 1421 1811 sanctiffimae
1455 1764 1676 1824 parentis,
1701 1760 2032 1823 philosophiae,
2058 1761 2355 1808 adminiculis

392 1852 618 1913 facillime
657 1865 939 1919 retinentur,
981 1863 1097 1911 alias
1134 1864 1186 1909 111
1225 1862 1429 1909 nihilum
1474 1862 1672 1908 abitura.
1742 1861 1883 1916 Quod
1914 1857 1951 1906 fi
1984 1861 2088 1920 quis
2128 1861 2357 1906 detrefioet

392 1970 555 2012 tantos
591 1964 776 2011 labores
813 1964 872 2010 ad
896 1964 1047 2010 vitam
1067 1960 1200 2009 suam
1221 1958 1578 2015 instituendam,
1602 1965 1653 2007 et
1674 1958 1797 2005 nolit
1828 1957 2146 2020 philosophiae
2168 1973 2357 2018 operam

394 2078 595 2111 navare:
631 2075 730 2109 non
751 2063 955 2151 miretur
975 2059 1011 2107 fi
1034 2075 1180 2121 parvo
1202 2064 1448 2106 momento
1471 2059 1531 2105 ab
1553 2058 1864 2120 ignoratione,
1888 2057 1938 2102 in
1961 2056 2183 2102 vitiorum
2204 2054 2358 2101 sordes

394 2165 619 2225 rapiatur.
688 2153 788 2217 Qui'
819 2161 998 2222 poterit
1032 2157 1276 2219 utriusque
1309 2158 1528 2205 fortunae
1558 2155 1858 2205 insolentiam
1880 2155 2085 2216 perferre
2107 2156 2160 2208 is,
2195 2155 2244 2200 in
2267 2169 2358 2214 quo

395 2264 515 2310 nihil
537 2259 871 2324 philosophiae,
895 2261 985 2306 hoc
1008 2256 1091 2314 est,
1116 2258 1326 2304 rectioris
1344 2257 1484 2310 vitae,
1507 2271 1569 2302 ne
1591 2256 1716 2302 mica
1738 2254 1930 2316 quidem
1952 2253 2228 2314 prudentiae
2250 2267 2359 2298 con-

396 2359 756 2421 sultationisque
794 2356 1035 2406 subsistit?
1082 2356 1180 2403 Sed
1219 2354 1535 2402 causabuntur
1572 2353 1786 2414 plerique
1820 2356 2062 2399 tantorum
2099 2348 2358 2396 studiorum

397 2461 731 2509 difficultatem
752 2464 804 2506 et
826 2460 1017 2505 inanem
1055 2460 1293 2509 conatum,
1323 2449 1613 2515 potiffimum
1634 2452 1712 2497 hic
1745 2452 1796 2496 in
1831 2450 2000 2511 quibus
2035 2463 2130 2494 non
2166 2454 2359 2509 apparet

396 2561 577 2623 ingenii
610 2558 838 2605 vivacitas
880 2562 932 2603 et
969 2560 1168 2602 naturae
1207 2552 1439 2614 quaedam
1477 2548 1826 2611 praecellentia.
1901 2547 2017 2593 Non
2048 2544 2205 2592 sumus
2244 2546 2359 2592 adeo

397 2660 562 2723 ignari,
600 2664 656 2705 ut
687 2672 776 2704 nos
810 2656 962 2719 fugiat
990 2669 1144 2715 quum
1182 2652 1241 2699 ad
1263 2648 1605 2713 philosophiam
1635 2661 1871 2701 vocamuS‚
1901 2644 2079 2692 multos
2102 2645 2359 2691 adinveniri

397 2760 662 2820 ineptiores
696 2770 840 2818 quam
875 2755 958 2816 qui
989 2750 1163 2815 poffint
1198 2753 1249 2798 in
1287 2748 1592 2797 sanffioribus
1631 2743 1795 2792 studiis
1831 2742 2015 2790 versari.
2106 2741 2211 2788 Nec
2248 2756 2357 2788 cum

398 2858 494 2904 illis
530 2872 659 2903 nunc
694 2855 832 2902 nobis
868 2852 938 2901 est
973 2851 1239 2914 negocium.
1324 2847 1433 2895 Hoc
1468 2845 1620 2892 solum
1642 2844 1859 2891 volumus
1892 2839 2132 2895 insinuare,
2156 2855 2252 2886 non
2281 2840 2360 2885 de-

333 3002 335 3004 .
402 2954 495 3005 effe
531 2955 713 3002 multos
746 2953 918 3014 quibus
951 2951 1206 3013 suppetant
1242 2948 1413 3001 omnia,
1441 2947 1587 2993 etiam
1609 2943 1786 3006 ingenii
1820 2941 2031 2988 bonitas:
2069 2939 2149 2999 qui
2173 2943 2361 2984 tantum

402 3054 535 3104 abest
573 3059 631 3101 ut
665 3051 985 3115 philosophiae
1024 3047 1190 3096 studiis
1235 3047 1448 3094 animum
1486 3043 1721 3104 adjiciant,
1760 3045 1816 3086 ut
1855 3038 2001 3085 etiam
2040 3051 2120 3083 eos
2159 3050 2275 3095 quos
2313 3036 2362 3080 in

405 3155 683 3205 sanctiorem
718 3148 969 3214 propensos
1002 3149 1169 3195 vident
1205 3146 1534 3198 eruditionem,
1571 3138 1789 3200 exemplo
1827 3136 1953 3184 malo
1990 3151 2019 3183 a
2057 3136 2233 3181 virtute
2268 3148 2362 3178 non

407 3251 624 3301 definant
662 3266 874 3300 avocare.
961 3248 1142 3298 Genus‘
1172 3245 1420 3292 hominum
1458 3236 1809 3301 iniquiffimum‚
1854 3251 1951 3284 non
1990 3232 2061 3282 sat
2098 3233 2241 3281 habet
2280 3228 2362 3282 fibi
