2938 3762
951 457 1385 506 MONASTERII
1420 458 1468 504 A
1502 457 1799 506 KYNLOS.
2289 470 2349 514 27

394 589 513 632 terio
549 587 734 650 Anglos
775 587 1062 650 insumpfiffe
1096 589 1277 636 celdras
1314 586 1462 636 Brafii
1499 590 1573 643 60,
1609 587 1897 650 supputante
1932 590 2051 637 laico
2085 592 2223 652 hujus
2258 594 2347 639 loci

392 688 637 733 monacho.
707 686 835 733 Mihi
858 702 955 733 non
978 687 1033 733 fit
1057 685 1306 733 verifimile
1329 692 1518 733 tantum
1541 684 1741 747 potuisse
1763 688 1890 734 hunc
1914 688 2071 735 locum
2105 688 2346 750 praestare,

392 782 477 830 nifi
502 786 761 832 dixerimus
784 801 845 832 ex
869 786 972 832 aliis
996 786 1110 832 locis
1133 786 1226 831 huc
1249 786 1433 831 invecta
1453 784 1690 845 pleraque,
1714 800 1808 831 non
1827 785 1975 832 solum
1999 789 2057 834 ad
2082 794 2248 848 potum
2271 788 2346 835 sed

391 884 451 928 ad
476 885 635 930 cibum
659 900 859 945 quoque.

482 1023 724 1070 DOM1NUS
746 1023 955 1071 THOMAs
1413 1058 1424 1075 ‚
1450 1021 1620 1067 ABBAS
1648 1037 1675 1068 A
1702 1022 1913 1069 KYNLos
1940 1023 2257 1079 UNDECIMUS‚

1030 1123 1165 1170 Obiit
1189 1121 1334 1167 Anno
1360 1120 1554 1165 Domini
1583 1125 1720 1166 1391.

458 1245 559 1291 Sub
595 1247 786 1291 initium
821 1246 962 1306 hujus
995 1246 1190 1298 abbatis,
1227 1244 1335 1289 Rex
1370 1242 1607 1287 Robertus
1638 1242 1777 1288 Bruis
1813 1242 1994 1302 semper
2027 1242 2344 1292 invictiffimus

392 1344 599 1389 contulit
625 1342 918 1390 Monasterio
942 1361 970 1390 a
993 1344 1181 1405 Kynlos
1203 1341 1482 1404 piscationes
1506 1356 1534 1386 a
1558 1339 1807 1400 Fynderne
1832 1356 2009 1395 omneS,
2034 1343 2295 1389 inchoando
2319 1360 2346 1389 a

393 1441 618 1488 Dunduff
632 1441 778 1502 usque
813 1443 872 1489 ad
906 1458 1048 1489 mare.
1119 1442 1268 1488 Dedit
1303 1443 1448 1488 etiam
1472 1439 1731 1487 Ecclefiam
1754 1441 1813 1487 ab
1838 1441 2022 1495 Ellone,
2057 1457 2181 1488 anno
2215 1445 2345 1505 regni

390 1539 459 1586 sui
484 1547 666 1601 quarto,
690 1542 780 1588 hoc
804 1539 873 1588 est
899 1545 1038 1595 1310,
1062 1539 1146 1587 sub
1171 1539 1402 1601 Episcopo
1427 1538 1753 1586 Aberdonenfi
1778 1539 1987 1587 Henrico
2012 1540 2202 1588 Chiene.

584 1752 827 1798 DOMINUS
916 1742 918 1745 ’
1286 1787 1298 1805 ,
1323 1750 1494 1797 ABBAS
1518 1766 1547 1796 A
1572 1750 1784 1798 KYNLos
1808 1751 2159 1806 Duonncrmus,

1041 1849 1177 1896 Obiit
1202 1849 1347 1895 Anno
1372 1849 1565 1894 Domini

594 2114 833 2159 DOMINUS
857 2111 1013 2158 ADAM
1474 2146 1484 2164 ‚
1510 2110 1679 2157 ABBAS
1703 2126 1732 2156 A
1756 2110 1968 2158 KYNLos
1991 2111 2152 2165 ΧΙΙΙ.,

1042 2209 1177 2257 Obiit
1201 2208 1345 2255 Anno
1371 2208 1564 2255 Domini

463 2353 712 2398 Proditum
753 2349 823 2398 est
855 2351 1111 2397 memoriae
1149 2350 1276 2394 hunc
1310 2345 1443 2395 fuisse
1477 2363 1537 2393 ex
1572 2346 1771 2395 claustro
1810 2365 1839 2394 a
1875 2348 1990 2394 Deir
2022 2347 2255 2402 selectum,
2291 2355 2344 2393 ut

394 2449 621 2513 praeesset
657 2447 949 2497 Monasterio
980 2465 1008 2495 a
1031 2448 1245 2509 Kynlos:
1288 2447 1500 2507 quamvis
1534 2461 1629 2491 non
1662 2447 1806 2506 probe
1839 2444 2009 2492 sciatur
2043 2451 2212 2505 quotus
2246 2447 2344 2491 fue-

396 2554 471 2598 rit.
542 2551 646 2597 Nos
688 2556 850 2596 tamen
891 2549 1159 2610 conjectura
1203 2547 1404 2608 quadam
1445 2547 1491 2590 in
1532 2545 1656 2590 hunc
1698 2545 1853 2591 locum
1893 2545 2150 2604 rejecimus,
2193 2545 2344 2604 quoad

397 2651 568 2698 melius
591 2649 825 2696 succedat.

530 2863 773 2910 DoM1Nus
797 2861 1099 2907 chHARDUs
1546 2891 1556 2908 ‚
1582 2853 1750 2899 ABBAS
1774 2867 1803 2898 A
1827 2852 2037 2899 KYNLos
2060 2851 2215 2905 XIV„

1031 2957 1165 3004 Obiit
1190 2955 1333 3001 Anno
1359 2955 1552 3000 Domini
1580 2957 1720 3003 1371.

467 3145 598 3191 Pene
631 3141 718 3189 sub
751 3142 942 3187 initium
982 3139 1120 3200 hujus
1145 3137 1363 3189 Abbatis‚
1389 3134 1623 3180 Dominus
1658 3130 1925 3178 Gulielmus
1949 3130 2119 3177 Comes
2154 3129 2348 3178 Suther-

401 3245 587 3290 landiae
611 3240 816 3289 contulit
840 3235 1130 3285 Monasterio
1155 3238 1213 3282 de
1238 3234 1424 3295 Kynlos
1448 3230 1696 3293 Hospitale
1721 3231 1770 3278 S.
1795 3230 1993 3277 Joannis
2017 3226 2256 3290 Baptistae
2291 3230 2347 3274 de

1361 3347 1392 3378 D
