2938 3762
961 456 1397 504 MONASTERII
1431 457 1479 505 A
1515 457 1813 505 KYNLOS.
2296 469 2354 513 ⁶29

639 716 883 762 Dommus
917 715 1220 762 GULIELMUS
1255 716 1429 771 BLAIR,
1465 717 1635 764 ABBAS
1670 733 1699 764 A
1734 718 1946 765 KYNLos
1980 719 2126 766 XVI.

903 813 1038 860 Obiit
1065 818 1124 860 15
1159 814 1270 861 Kal.
1307 815 1542 862 Novemb.
1567 815 1693 862 Α.Ι).
1723 820 1861 863 1445.

471 978 613 1025 Vixit
645 978 722 1024 hic
757 979 829 1023 vir
863 979 913 1023 in
950 977 1136 1039 Kynlos
1171 979 1230 1024 ab
1263 994 1386 1024 anno
1426 983 1542 1025 1401
1583 982 1642 1025 ad
1678 996 1854 1026 annum
1889 985 2011 1027 1430
2044 982 2118 1028 vel
2153 984 2352 1028 circiter.

405 1075 576 1122 Postea
608 1078 658 1122 in
693 1076 906 1137 Cuprum
940 1074 1181 1138 Angufiae
1218 1075 1287 1122 est
1322 1075 1624 1137 transpofitus
1661 1084 1715 1123 ut
1753 1079 1821 1124 illi
1861 1076 2084 1138 praeesset
2118 1080 2233 1133 loc0,
2273 1081 2354 1126 ubi

403 1177 609 1221 moriens
643 1181 756 1221 ante
789 1173 1022 1220 summam
1053 1190 1182 1221 aram
1215 1173 1282 1220 sui
1318 1173 1596 1221 Monasterii
1619 1174 1827 1235 sepultus
1850 1174 1931 1222 est.
2002 1177 2113 1223 Fuit
2136 1179 2174 1223 is
2199 1179 2356 1224 decre-

404 1280 564 1318 torum
582 1275 742 1319 doctor
764 1279 815 1319 et
837 1273 1096 1319 monachus
1113 1273 1238 1333 apud
1256 1272 1481 1332 Cuprum,
1505 1271 1772 1333 priusquam
1791 1273 1955 1320 Abbas
1979 1291 2006 1320 a
2029 1275 2213 1335 Kynlos
2231 1292 2356 1321 crea·

404 1378 562 1426 retur3
598 1378 855 1431 utrumque
878 1373 1004 1417 rexit
1032 1369 1366 1417 monasterium
1390 1376 1439 1416 et
1462 1369 1738 1417 instauravit
1761 1387 1908 1418 annos
1934 1376 2008 1418 41.
2077 1372 2171 1419 Hic
2194 1373 2356 1419 Abbas

404 1469 532 1516 Α.Ι).
573 1474 713 1529 1419,
754 1469 838 1516 sub
873 1485 1052 1516 annum
1085 1467 1343 1515 secundum
1377 1468 1579 1514 Martini
1617 1468 1860 1515 Pontificis
1893 1469 2074 1523 summi,
2116 1471 2356 1515 dominum

405 1569 646 1616 Joannem
674 1568 927 1618 >Abbatem
969 1584 997 1615 a
1035 1568 1202 1615 Culros
1235 1573 1428 1628 propter
1462 1568 1829 1613 concubinatum
1853 1569 1902 1613 in
1924 1569 2136 1614 ordinem
2159 1569 2354 1628 redegit.

404 1669 539 1715 Tunc
562 1669 789 1729 temporis
821 1669 870 1713 in
903 1682 962 1712 eo
996 1667 1200 1727 praefuit
1234 1667 1424 1726 negotio
1460 1666 1677 1710 dominus
1700 1665 1909 1711 Joannes
1946 1665 2086 1726 Fogo,
2124 1668 2193 1711 vir
2226 1667 2355 1711 theo-

406 1770 554 1829 logus,
595 1769 802 1828 primum
842 1766 1113 1819 monachus,
1156 1766 1265 1810 dein
1302 1763 1466 1810 Abbas
1505 1780 1533 1809 a
1573 1763 1782 1817 Melros3
1834 1779 1889 1810 ea
1928 1765 2230 1825 contigebant
2270 1766 2354 1808 im-

405 1873 603 1928 perante
635 1866 816 1913 Jacobo
854 1864 1107 1911 Scotorum
1142 1879 1253 1925 rege
1289 1864 1390 1923 ejus
1424 1863 1627 1908 nominis
1668 1864 1833 1922 primo.
1902 1861 2037 1907 Idem
2077 1862 2240 1908 Abbas
2273 1860 2354 1906 sub

406 1964 639 2026 Episcopo
680 1964 926 2010 Moraviae
968 1963 1178 2009 Henrico
1219 1962 1356 2007 litem
1395 1962 1544 2006 movit
1583 1958 1804 2020 magistro
1844 1959 2103 2005 Columbae
2143 1958 2356 2004 Dumbar

406 2066 466 2110 de
490 2079 646 2110 annuo
671 2061 812 2109 censu
835 2062 1088 2107 solidorum
1112 2063 1365 2106 Scotorum
1394 2063 1485 2104 100
1510 2074 1538 2103 a
1562 2057 1859 2111 Dundurcus,
1885 2063 1933 2103 et
1957 2058 2082 2110 vicit,
2116 2055 2355 2116 praesent-e

407 2163 625 2224 Eugenio
655 2162 818 2207 Priore
852 2177 880 2207 a
915 2158 1182 2219 Pluscardy‚
1218 2173 1341 2204 anno
1376 2157 1570 2202 Domini
1598 2159 1722 2205 1417
1747 2156 1822 2200 die
1858 2159 1918 2201 20
1953 2154 2181 2201 Octobris.
2250 2154 2355 2199 Hoc

406 2270 621 2323 tempore
661 2261 828 2308 Abbas
875 2254 1248 2306 Pontiniacenfis
1292 2255 1462 2303 Gallus
1501 2254 1694 2299 devenit
1732 2254 1782 2298 in
1822 2252 2043 2305 Scotiam‚
2089 2267 2117 2298 a
2156 2251 2353 2297 concilio

407 2356 781 2407 Cistertienfium
820 2363 1011 2419 patrum
1050 2351 1350 2408 transmissus,
1392 2358 1446 2398 ut
1486 2359 1590 2398 tum
1629 2352 1751 2397 forte
1791 2348 2037 2410 collapsam
2075 2350 2349 2410 religionem

406 2459 701 2506 instauraret.
771 2456 873 2503 Sub
910 2457 999 2501 hoc
1038 2454 1282 2502 Gulielmo
1318 2451 1511 2497 Abbate
1551 2450 1695 2495 creati
1731 2446 1839 2493 sunt
1877 2446 2101 2493 Monachi
2139 2448 2352 2492 dominus

405 2559 437 2604 J
441 2572 617 2603 oannes
658 2555 866 2608 Hunter,
908 2553 1126 2599 dominus
1167 2550 1278 2598 Gul.
1321 2549 1479 2609 Spine,
1520 2548 1600 2606 qui
1635 2547 1749 2592 duas
1781 2545 1959 2605 phialas
2000 2550 2243 2605 argenteas
2287 2542 2351 2589 Sfi·

407 2657 631 2702 Andreae
675 2653 846 2700 sacello
885 2650 1102 2703 contulit,
1143 2654 1193 2694 et
1234 2648 1451 2693 dominus
1490 2645 1699 2691 Joannes
1738 2642 1904 2688 Tellen
1944 2643 2023 2702 qui
2062 2643 2262 2702 primum
2301 2643 2362 2693 in,

407 2755 637 2801 elefflone
661 2751 867 2797 Abbatis
889 2750 921 2796 J
924 2749 1057 2795 acobi
1081 2747 1300 2806 Guthery
1322 2743 1593 2804 suffragium
1617 2741 1743 2787 tulit.

625 2915 866 2961 DOMINUS
899 2913 1129 2958 JoANNEs
1166 2909 1415 2960 meuu,
1452 2905 1622 2951 ABBAS
1657 2918 1686 2949 A
1720 2903 1931 2948 KYNLos
1965 2900 2134 2947 XVII.

879 3010 1014 3056 Obiit
1050 3008 1177 3053 Non.
1204 3005 1325 3052 Maii
1347 3004 1492 3051 Anno
1528 3002 1720 3047 Domini
1749 3001 1884 3046 1460.

475 3146 525 3191 Is
550 3149 827 3206 argenteum
850 3140 1038 3202 pedum,
1073 3153 1166 3197 quo
1200 3137 1344 3182 etiam
1378 3148 1505 3179 nunc
1532 3131 1747 3177 Abbates
1780 3134 1979 3174 utuntur
2011 3128 2070 3174 ad
2104 3125 2347 3173 Mifl'arum

408 3246 648 3298 solemnia,
683 3256 854 3303 magno
891 3253 999 3285 aere
1036 3236 1223 3282 coemit.
1291 3232 1432 3280 Vixit
1467 3231 1516 3276 in
1553 3228 1702 3274 officio
1740 3231 1798 3273 10
1835 3241 1993 3272 annos.
2061 3224 2202 3271 Anno
2239 3239 2345 3271 vero
