2938 3762
559 435 617 482 72
1192 427 1522 476 HISTORIA
1559 427 1903 476 ABBATUM

559 560 710 623 ipsum
734 576 846 608 vero
880 562 1120 608 caminum
1156 561 1384 607 decenter
1416 560 1499 607 ubi
1534 574 1662 606 nunc
1697 557 1768 606 est
1795 565 1846 606 et
1869 559 1929 606 ad
1963 559 2272 606 altitudinem
2306 561 2421 606 teffi
2454 575 2537 607 ex-

559 661 761 715 citavit3
805 659 988 706 addidit
1036 665 1086 705 et
1127 659 1347 705 cubiculo
1392 673 1490 704 non
1528 658 1791 721 ignobilem
1837 674 1898 705 ex
1945 656 2102 704 assulis
2148 674 2203 705 ac
2251 658 2537 719 perpolitam

560 756 863 805 testudinem.
938 756 1142 812 Dehinc,
1177 757 1506 804 ambulacrum
1529 758 1717 804 abbatis
1752 772 1862 804 cum
1889 755 2062 804 fizeello
2096 758 2157 804 ad
2180 758 2413 818 privatam
2438 772 2539 803 ora-

558 859 741 904 tionem
776 857 932 903 erexit
954 872 984 903 a
1005 856 1360 910 fundamentis3
1395 862 1540 916 atque
1563 854 1720 902 affulis
1743 871 1841 902 non
1865 857 2145 903 indecenter
2167 856 2352 910 dolatis,
2383 857 2539 902 eidem

558 955 831 1002 ambulacro
855 955 1094 1002 devexum
1117 953 1340 1002 solarium
1365 961 1415 1002 et
1438 969 1677 1002 cameram
1711 955 1882 1016 adponi
1920 955 2179 1002 mandavit.
2249 954 2358 1002 Hoc
2387 953 2538 1016 ipsum

558 1056 704 1101 etiam
727 1056 778 1101 in
801 1055 986 1101 minore
1007 1052 1090 1100 suo
1114 1053 1274 1100 effecit
1309 1053 1543 1100 cubiculo.
1613 1052 1743 1108 Quid
1766 1068 2029 1100 memorem
2063 1051 2285 1099 solarium
2319 1050 2541 1114 ampliffi-

559 1168 706 1209 mum,
751 1153 843 1200 hoc
883 1149 965 1207 est,
1010 1153 1235 1199 horreum
1279 1149 1473 1214 pensile,
1514 1153 1565 1198 in
1605 1152 1746 1198 domo
1792 1151 2124 1214 languentium
2164 1152 2540 1198 monachorum?

559 1251 688 1306 Quid
732 1253 1064 1313 pavimentum
1109 1228 1458 1312 peristyliorum
1499 1249 1777 1309 (claustrum
1818 1266 1947 1297 nunc
1993 1252 2185 1311 vocant)
2232 1248 2318 1297 sub
2359 1251 2539 1297 fornice

559 1351 783 1398 videlicet
818 1349 1063 1411 utriusque
1102 1351 1298 1412 portae?
1366 1351 1496 1406 Quid
1531 1351 1590 1397 de
1624 1351 1760 1396 novis
1794 1349 1940 1404 cellis,
1978 1354 2041 1403 et,
2070 1361 2126 1395 ut
2160 1349 2231 1396 illi
2265 1350 2540 1410 loquuntur,

557 1465 682 1496 novo
722 1450 1034 1496 dormitorio?
1114 1450 1296 1496 Annon
1337 1451 1498 1496 omnia
1547 1450 1846 1511 benignitate
1895 1454 1947 1496 et
1997 1448 2286 1496 liberalitate
2326 1448 2539 1495 Thomae

558 1550 744 1596 abbatis
768 1564 897 1595 nunc
920 1548 1031 1595 sunt
1054 1547 1315 1595 constituta
1338 1564 1460 1609 quae
1482 1550 1613 1609 prius
1637 1546 1867 1608 nusquam
1891 1547 2140 1594 fecerant?

626 1648 704 1702 Et,
730 1663 791 1694 ne
815 1648 920 1708 quis
944 1646 1104 1694 secum
1123 1653 1330 1709 reputet,
1354 1647 1511 1693 multa
1532 1662 1594 1693 ex
1616 1647 1691 1692 his
1716 1661 1858 1707 parvo
1882 1662 1991 1693 aere
2014 1648 2084 1692 ita
2106 1646 2322 1693 eonfeaa
2343 1653 2398 1692 ut
2422 1645 2542 1692 nihil

559 1762 770 1807 unquam
809 1747 1037 1808 gravioris
1083 1747 1239 1808 operis
1284 1743 1342 1792 fit
1382 1742 1638 1808 aggressus,
1685 1743 1973 1792 subscribam
2014 1745 2267 1807 magnifica
2308 1746 2541 1805 quaedam

561 1846 779 1892 aedificia
812 1861 935 1906 quae
969 1847 1110 1892 variis
1146 1845 1264 1892 locis
1297 1861 1383 1907 per
1416 1845 1625 1891 eundem
1658 1842 1769 1890 sunt
1803 1845 1972 1891 ere&a.
2043 1843 2173 1891 Illud
2206 1846 2256 1890 in
2279 1846 2443 1905 primis
2466 1859 2544 1890 oc-

561 1945 737 1991 ccurrit
771 1945 899 2005 quod
931 1946 983 1991 in
1016 1943 1087 1991 sui
1120 1942 1391 1991 monasterii
1426 1959 1553 2006 agro,
1589 1943 1670 1991 seu
1710 1945 1861 1991 mavis
1902 1943 2138 2005 Strathily
2171 1945 2379 1998 baronia,
2415 1959 2542 1990 nunc

562 2045 787 2089 cernitur.
858 2043 918 2089 In
941 2044 1143 2090 formam
1178 2044 1298 2090 arcis
1331 2043 1430 2090 illic
1464 2041 1576 2090 satis
1599 2043 1807 2104 amplam
1831 2058 1922 2090 nec
1945 2044 2104 2089 minus
2127 2044 2301 2090 fortem
2324 2059 2352 2090 a
2374 2043 2542 2089 funda-

563 2143 741 2188 mentis
779 2139 1048 2188 construxit
1087 2142 1298 2197 domum,
1338 2157 1463 2188 anno
1504 2141 1773 2189 Servatoris
1814 2138 1988 2188 Christi
2028 2143 2197 2203 quinto
2238 2148 2288 2188 et
2322 2138 2542 2188 vicesimo

563 2240 702 2302 supra
734 2238 1205 2301 sesquimillefimum.
1275 2239 1407 2287 Huic
1442 2241 1605 2286 domui
1638 2242 1877 2302 porticum
1911 2255 2023 2287 cum
2055 2241 2206 2303 gradu
2240 2240 2428 2302 lapideo
2459 2256 2543 2301 pro

563 2341 742 2386 foribus
765 2340 955 2401 adjecit.
1026 2340 1265 2395 Proxime,
1301 2341 1362 2387 ad
1395 2340 1606 2401 paranda
1640 2337 1828 2394 cibaria,
1865 2339 2136 2401 elegantem
2170 2341 2395 2400 popinam
2419 2341 2544 2386 cocis

563 2440 731 2486 erexit.
801 2439 970 2500 Atque
993 2441 1042 2486 in
1065 2440 1187 2486 arcis
1208 2440 1408 2494 ambitu,
1434 2445 1622 2486 veteres
1645 2444 1695 2485 et
1720 2437 1916 2485 cariosas
1940 2438 2095 2492 aedes,
2131 2439 2181 2484 in
2215 2436 2351 2484 usum
2384 2436 2544 2499 postea

563 2539 779 2585 futurum
802 2539 1136 2600 multiplicem,
1160 2537 1440 2586 instauravit
1463 2554 1549 2600 per
1572 2535 1768 2600 fingula.

631 2637 779 2684 Anno
796 2643 1045 2698 praeterea
1061 2638 1242 2684 domini
1259 2631 1511 2684 millefimo
1535 2635 1914 2699 quingentefimo
1938 2636 2176 2684 tricefimo
2198 2635 2417 2691 secundo,
2436 2653 2544 2683 aere

566 2737 777 2782 maximo
811 2737 938 2797 apud
971 2735 1104 2783 suam
1139 2733 1388 2783 ecclefiam
1419 2737 1479 2784 ab
1514 2735 1689 2783 Ellone
1722 2736 2024 2798 magnificam
2047 2742 2098 2782 et
2121 2732 2450 2797 ampliffimam
2485 2736 2544 2782 ab

567 2832 675 2896 ipfis
699 2835 1025 2882 fundamentis
1059 2836 1255 2882 domum
1290 2836 1458 2889 erexit,
1494 2850 1638 2896 quam
1672 2832 1836 2895 postea
1869 2835 2245 2881 imbricamentis
2277 2837 2424 2882 etiam
2460 2835 2546 2897 lig-

569 2936 671 2980 neis
705 2934 859 2981 voluit
893 2934 1175 2981 contectam.
1245 2930 1339 2995 Ipfi
1373 2933 1556 2994 templo
1590 2934 1650 2981 ab
1674 2933 1847 2980 Ellone
1875 2933 2031 2980 multa
2063 2934 2247 2981 addidit
2281 2930 2543 2987 necefl‘aria

570 3039 626 3078 ut
659 3034 709 3079 in
743 3034 870 3080 te&o
904 3039 955 3080 et
989 3034 1266 3094 pavimento
1299 3033 1700 3095 redintegrando3
1735 3032 1968 3080 nonnulla
2000 3033 2061 3080 ad
2100 3037 2449 3086 ornamentum,
2484 3033 2544 3079 de

572 3131 743 3190 quibus
766 3131 890 3182 infra
918 3130 1180 3179 scribimus.
1249 3130 1382 3178 Pene
1405 3129 1576 3178 similia
1597 3130 1758 3178 effecit
1781 3129 1890 3178 suae
1913 3129 2140 3179 ecclefiae
2161 3131 2287 3192 apud
2310 3129 2544 3184 Rosciam,

571 3244 715 3289 quam
738 3230 905 3276 dicunt
927 3229 1135 3278 Awacht
1157 3231 1367 3277 nomine.
1431 3228 1511 3277 Ita
1537 3235 1788 3277 accuratus
1812 3236 1862 3277 et
1880 3230 2082 3292 vigilans
2103 3226 2260 3291 pastor
2282 3229 2342 3276 ad
2364 3226 2547 3291 singula
