2938 3762
997 476 1433 525 MONASTERII
1468 479 1515 526 A
1551 480 1848 530 KYNLOS.
2340 495 2398 536 45

919 695 1461 746 LUOUBRATIUNCULAE
1485 714 1546 746 ET
1570 715 1922 749 COMMENTARII
1980 685 1982 688 Ι

935 808 1126 841 Nos'rRo
1173 809 1344 843 MARTE
1385 811 1525 843 EDITI
1573 812 1628 843 m
1675 798 1901 847 KYNLos.

504 913 665 960 Primo
706 914 941 961 edidimus
973 915 1153 963 Contra
1188 923 1429 979 receptam
1469 920 1739 980 opinionem
1777 922 1836 967 de
1869 924 2072 978 nomine,
2107 928 2396 985 pronomine,

436 1015 718 1075 cognomine
741 1019 791 1060 et
815 1016 1067 1076 agnomine
1090 1015 1306 1062 libellum
1329 1033 1491 1063 unum.
1550 1017 1690 1073 Item,
1712 1019 1787 1066 De
1805 1034 1914 1067 vera
1937 1027 2150 1068 cometae
2172 1020 2398 1085 fignifica-

436 1114 567 1158 tione
602 1114 661 1159 ad
691 1113 926 1160 Jacobum
962 1116 1183 1174 quintum
1216 1115 1468 1161 Scotorum
1502 1116 1699 1178 Regem,
1731 1118 1810 1164 lib.
1839 1123 1879 1164 1.
1950 1118 2088 1174 Item,
2125 1121 2200 1167 De
2233 1137 2398 1168 nume-

436 1228 595 1258 rorum
618 1214 767 1273 praxi,
792 1212 872 1258 lib.
903 1217 943 1258 1.
1002 1212 1144 1267 Item,
1170 1213 1245 1259 De
1269 1214 1432 1260 officiis
1457 1216 1583 1261 vitae
1607 1213 1914 1271 Christianae,
1946 1218 2025 1264 lib.
2056 1222 2095 1263 1.
2154 1218 2292 1274 Item,
2318 1220 2394 1266 De

439 1313 702 1358 animarum
730 1312 1105 1366 immortalitate,
1147 1312 1226 1358 lib.
1259 1317 1299 1358 1.
1354 1313 1493 1367 Item,
1533 1313 1942 1375 Epigrammatum
2010 1326 2083 1364 Hic
2107 1327 2199 1365 liber
2218 1336 2274 1367 est
2301 1330 2396 1379 typis

438 1411 688 1465 variorum,
708 1411 788 1457 lib.
813 1415 852 1456 1.
903 1410 1044 1465 Item,
1070 1409 1443 1457 Introdufflonis
1467 1411 1526 1457 ad
1550 1412 1765 1473 logicem,
1790 1412 1871 1458 lib.
1900 1417 1940 1458 1.
2009 1395 2215 1446 Impressus
2270 1398 2396 1436 Idibus

437 1509 579 1564 Item,
601 1510 660 1555 In
680 1510 1016 1556 enodationem
1041 1507 1258 1555 verficuli
1282 1509 1314 1555 J
1318 1509 1542 1563 uvenalis,
1569 1510 1650 1555 ubi
1669 1509 1946 1556 Ciceronem
2009 1465 2112 1503 Junn
2164 1466 2261 1516 apud
2300 1467 2397 1505 Vas-

1572 1594 1579 1603 ἱ
2013 1548 2186 1572 cosanum
2238 1536 2395 1582 Parisiis,

434 1614 629 1670 poetam
658 1610 838 1655 bonum
869 1605 1001 1654 fuisse
1026 1609 1338 1662 defendimus,
1374 1608 1455 1654 lib.
1493 1613 1533 1653 1.
1604 1608 1742 1662 Item,
1768 1608 1945 1654 Choro-
2014 1606 2126 1641 1539.

437 1709 661 1770 graphiae
683 1708 1011 1761 Taurinorum,
1037 1707 1118 1753 lib.
1147 1711 1188 1754 1.
1242 1706 1382 1761 Item,
1402 1707 1571 1753 Vitam
1594 1705 1784 1753 senioris
1808 1707 1991 1753 abbatis
2015 1708 2062 1752 in
2081 1706 2279 1768 Kynlos,
2304 1708 2392 1753 hoc

436 1806 505 1854 est
539 1808 719 1853 domini
742 1807 951 1853 Thomae
975 1805 1242 1866 Chrystalli,
1279 1806 1358 1852 lib.
1390 1810 1428 1850 1.
1498 1804 1638 1859 Item,
1676 1805 1848 1867 Sylvae
1882 1804 1962 1851 seu
2002 1804 2394 1852 Observationum

435 1923 519 1968 pro
554 1904 766 1953 texenda
798 1904 990 1952 historia
1021 1921 1049 1951 a
1081 1904 1280 1966 Kynlos,
1316 1904 1397 1951 lib.
1443 1908 1483 1949 1.
1574 1904 1714 1958 Item,
1750 1895 1987 1950 Auditum
2028 1903 2126 1949 visu
2165 1902 2396 1964 praestare

436 2012 604 2052 contra
628 2003 899 2051 Aristotelis
940 2005 1184 2065 placitum,
1227 2003 1308 2049 lib.
1354 2007 1394 2048 1.
1481 2002 1623 2056 Item,
1677 2002 1752 2048 De
1789 2002 2069 2063 syllabarum
2115 2004 2393 2061 quantitate,

435 2106 516 2151 lib.
546 2109 586 2150 1.
656 2104 797 2157 Item,
823 2103 1285 2149 Commentariorum
1310 2103 1360 2147 in
1390 2117 1534 2162 parva
1556 2100 1775 2162 logicalia
1790 2100 1821 2146 J
1825 2100 1956 2146 acobi
1982 2100 2120 2146 Fabri
2145 2099 2397 2160 Stapulen-

437 2202 508 2257 fis,
534 2204 614 2249 lib.
645 2208 685 2248 1.
756 2203 896 2256 Item,
933 2201 1289 2247 Annotationes
1314 2200 1494 2260 aliquot
1522 2202 1571 2245 in
1607 2214 1750 2253 aeras,
1786 2199 1866 2244 lib.
1896 2203 1935 2243 1.
2006 2206 2079 2243 Hic
2106 2205 2199 2243 liber
2217 2212 2273 2243 est
2299 2206 2394 2255 typis

436 2302 578 2356 Item,
604 2301 746 2356 Quod
769 2301 936 2348 Cicero
971 2316 1067 2346 non
1091 2301 1263 2345 viderit
1289 2298 1547 2360 Virgilium
1582 2298 1661 2343 lib.
1692 2302 1731 2342 1.
1801 2297 1940 2350 Item,
2010 2276 2132 2383 ³:2¹5?
2170 2288 2395 2381 casxcgssllil

436 2402 722 2448 Orationum
757 2397 1193 2447 encomiasticarum
1230 2399 1289 2444 de
1319 2395 1499 2451 sanEtis,
1551 2396 1631 2442 lib.
1678 2400 1717 2441 1.
1803 2394 1942 2447 Item,
2010 2413 2148 2451 calculo
2229 2413 2394 2450 Romano

435 2500 754 2564 Epistolarum
776 2499 1080 2546 familiarium
1104 2498 1164 2544 ad
1187 2497 1352 2550 varios,
1378 2490 1527 2541 lib.‘8.
1597 2493 1737 2547 Item,
1762 2493 1940 2539 Biblio-
2008 2483 2105 2534 apud
2127 2483 2390 2521 vascosanum.

436 2604 605 2649 thecae
627 2600 905 2647 selectorum
940 2598 1168 2642 librorum
1205 2610 1346 2655 quam
1371 2594 1617 2662 Robertus-
1643 2592 1766 2638 Reid
1798 2591 1941 2638 abbas
1964 2606 1992 2636 a
2025 2588 2211 2650 Kynlos
2244 2603 2395 2648 nuper

433 2699 651 2754 instituit,
686 2699 767 2744 lib.
813 2701 853 2742 1.
923 2696 1064 2749 Item,
1106 2693 1272 2740 Totius
1312 2693 1436 2738 orbis
1470 2690 1823 2751 quadruplicem
1858 2689 2198 2750 figurationem,
2234 2687 2312 2732 lib.
2350 2690 2391 2731 4.

434 2801 576 2855 Item,
613 2797 956 2858 Descriptionis
979 2801 1134 2840 terrae
1157 2788 1480 2853 promiflionis,
1506 2790 1584 2835 lib.
1614 2794 1654 2834 1.

1005 2951 1267 2996 INCHOATA
1292 2961 1510 2993 NONDUM
1534 2959 1809 2991 ABSOLUTA:

500 3097 643 3150 Item,
669 3095 848 3140 Contra
871 3106 1015 3153 parva
1037 3088 1266 3151 logicalia,
1303 3087 1383 3132 lib.
1418 3091 1457 3131 1.
1527 3085 1666 3138 Item,
1703 3083 1999 3129 Scholiorum
2034 3082 2082 3125 in
2118 3079 2391 3125 dialecticen

434 3195 752 3258 Trapezuntii,
789 3192 870 3238 lib.
908 3195 950 3236 8.
1020 3188 1160 3241 Item,
1199 3187 1463 3232 Primarum
1496 3190 1546 3228 et
1577 3183 1839 3228 mediarum
1870 3178 2151 3240 syllabarum
2182 3176 2392 3228 tabellas,

435 3296 515 3342 lib.
555 3300 597 3340 2.
668 3293 808 3346 Item,
846 3288 1111 3337 Felicitatis
1145 3283 1416 3332 Aristotelis
1456 3289 1505 3328 et
1544 3281 1886 3347 paradoxo’rum
1928 3278 1987 3324 ad
2027 3292 2186 3322 veram
2221 3272 2391 3320 Christi
