2938 3762
572 436 632 483 6⁶2
1203 432 1534 480 HISTORIA
1570 433 1914 481 ABBATUM

572 567 642 613 ita
658 564 855 628 Superis
873 579 972 611 rem
992 563 1387 624 temperantibus.
1436 563 1588 612 Paulo
1606 562 1710 625 post
1730 566 1802 611 vir
1819 579 1930 612 cum
1949 565 2184 627 dignitate
2201 570 2306 612 tum
2324 567 2553 630 religione

572 663 766 727 insignis
801 665 1020 710 dominus
1054 662 1266 710 Joannes
1303 663 1573 710 Schanwell
1608 664 1753 711 abbas
1793 662 2065 711 monasterii
2100 680 2128 711 a
2162 664 2337 727 Gupro,
2377 667 2459 714 ubi
2494 668 2555 715 de

572 780 719 826 puero
743 760 1002 816 audivisset,
1039 778 1135 808 non
1159 760 1368 825 segniter
1397 764 1590 824 quidem
1626 762 1722 819 ille,
1757 770 1974 811 attamen
2009 763 2205 812 volente
2239 765 2347 813 Deo
2370 765 2554 822 frustra,

572 863 847 916 elaboravit,
888 868 945 908 ut
986 860 1072 908 fibi
1107 860 1285 923 suoque
1326 860 1611 909 monasterio
1646 863 1929 910 traderetur.
2006 863 2247 926 Cupiebat
2281 867 2409 912 enim
2445 882 2555 914 cum

572 963 722 1010 altero
746 963 965 1024 egregiae
1000 962 1172 1008 indolis
1210 961 1566 1009 adolescentulo
1602 963 1726 1009 bene
1752 962 1944 1010 literato
1967 962 2248 1011 Alexandro
2283 964 2464 1020 Heton,
2505 967 2556 1013 in

571 1062 706 1108 suum
746 1059 1087 1108 monasterium
1132 1061 1365 1107 Thomam
1407 1069 1662 1122 cooptare3
1709 1068 1760 1108 et
1800 1068 1937 1108 erant
1977 1063 2193 1110 eonfe&a
2233 1079 2356 1124 pene
2397 1066 2558 1112 omnia

573 1159 658 1207 nifi
684 1161 827 1207 solers
862 1162 1118 1222 prudentia
1141 1161 1289 1206 divini
1313 1161 1520 1206 hominis
1555 1161 1737 1207 domini
1773 1161 2005 1208 Gulielmi
2042 1161 2277 1209 Galbreth
2309 1164 2496 1210 abbatis
2530 1180 2558 1210 a

573 1259 762 1321 Kynlos
794 1258 1069 1306 obstetisset.
1141 1259 1270 1307 Nam
1307 1275 1416 1306 cum
1453 1276 1514 1306 ex
1550 1260 1705 1307 officio
1741 1268 1791 1307 et
1827 1262 2122 1309 authoritate
2155 1261 2250 1317 sua,
2284 1263 2506 1310 abbatem
2531 1280 2587 1314 a,

574 1359 765 1407 Culross
788 1376 843 1407 ac
869 1366 1024 1406 totam
1049 1359 1181 1406 illam
1206 1360 1520 1414 sodalitatem,
1545 1366 1601 1405 ut
1624 1357 1659 1404 fi
1684 1361 1801 1433 quid
1824 1367 2018 1408 nutaret
2042 1363 2092 1407 in
2115 1362 2332 1408 ordinem
2366 1370 2559 1424 cogeret

577 1476 691 1507 cura
713 1458 795 1506 sua
818 1457 1051 1520 pastorali,
1075 1457 1364 1520 saepiuscule
1388 1458 1625 1514 inviseret,
1660 1459 1860 1506 offendit
1889 1460 2120 1508 Thomam
2147 1462 2250 1522 jam
2274 1460 2413 1508 alteri
2437 1478 2560 1522 pene

574 1560 827 1606 addictum.
897 1558 1092 1612 Tamen,
1116 1559 1229 1619 quia
1250 1573 1325 1604 res
1349 1565 1452 1604 erat
1485 1557 1768 1618 hujusmodi,
1805 1565 1860 1604 ut
1883 1560 1933 1604 in
1958 1558 2194 1606 diversum
2225 1562 2347 1607 citra
2367 1575 2559 1607 omnem

575 1659 798 1719 injuriam
834 1657 957 1703 flecti
989 1653 1151 1717 poffet,
1185 1658 1371 1704 curavit
1395 1658 1467 1702 vir
1490 1658 1714 1717 optimus,
1739 1663 1795 1703 ut
1818 1658 1960 1704 rebus
1991 1657 2086 1704 suis
2119 1660 2169 1704 in
2204 1660 2368 1719 primis
2397 1658 2563 1706 consu-

577 1758 711 1804 leret.
780 1756 1000 1803 Tentatis
1041 1757 1275 1810 omnibus,
1314 1755 1725 1802 adolescentulum
1757 1755 1990 1803 Thomam
2024 1757 2083 1804 ad
2118 1756 2166 1804 se
2199 1759 2362 1804 venire
2387 1759 2561 1819 jubet;

574 1871 719 1917 quem
766 1871 875 1902 cum
917 1853 1103 1902 vidisset
1144 1855 1327 1902 liberali
1368 1856 1490 1902 facie
1527 1861 1578 1901 et
1621 1856 1826 1915 quadam
1863 1854 1998 1902 senili
2033 1857 2291 1917 prudentia
2325 1863 2561 1912 ornatum,

576 1954 735 2002 statim
782 1952 1036 2007 adamavit,
1073 1956 1269 2016 egitque
1309 1969 1420 2000 cum
1456 1955 1736 2015 parentibus
1778 1961 1829 2001 et
1864 1954 1992 2001 illius
2028 1955 2119 2002 loci
2155 1957 2343 2011 abbate,
2385 1963 2441 2003 ut
2480 1957 2563 2003 suo

578 2052 862 2101 monasterio
885 2054 1092 2100 Thomas
1127 2053 1484 2100 adscriberetur.
1556 2052 1657 2099 Ubi
1693 2053 1832 2100 facile
1866 2051 2158 2115 impetrasset
2182 2056 2308 2115 quod
2342 2057 2561 2116 petierat,

580 2155 738 2214 coepit
773 2159 824 2199 et
853 2150 1262 2199 adolescentulum
1298 2153 1608 2213 percun&ari,
1646 2167 1762 2198 num
1794 2152 2040 2213 placerent
2076 2155 2238 2200 omnia
2270 2169 2393 2215 quae
2428 2155 2487 2201 de
2515 2153 2563 2202 se

580 2249 861 2300 audivisset?
914 2251 995 2297 Ad
1020 2252 1138 2297 haec
1159 2249 1405 2297 subridens
1428 2250 1648 2305 Thomas,
1682 2252 1832 2296 nimio
1865 2252 1924 2297 de
1952 2253 2142 2299 tantula
2171 2250 2296 2300 sorte
2330 2261 2564 2315 concepto

579 2352 766 2414 gaudio,
787 2352 943 2411 inquit
960 2366 972 2405 ;
1002 2350 1119 2396 illud
1145 2355 1379 2410 perpetuo
1397 2347 1445 2395 se
1463 2349 1768 2395 circumferre
1786 2351 1836 2395 in
1854 2352 2027 2405 animo,
2046 2357 2102 2397 ut
2121 2351 2357 2412 Deiparae
2373 2352 2565 2414 Virgini

582 2451 838 2511 aliquando
874 2451 1095 2496 initiatus
1129 2446 1403 2502 observiat3
1450 2463 1540 2494 nec
1573 2453 1739 2508 optare
1774 2448 2037 2495 feliciorem
2073 2447 2403 2512 transigendae
2439 2453 2567 2498 vitae

583 2551 755 2603 locum,
802 2564 946 2609 quam
982 2550 1033 2594 iu
1072 2563 1130 2593 eo
1171 2545 1459 2593 monasterio
1500 2548 1674 2601 vivere,
1717 2562 1802 2608 per
1840 2549 1968 2608 quod
2007 2548 2127 2595 illud
2166 2548 2345 2595 sartum
2386 2551 2565 2596 te&um

583 2646 871 2703 consisteret,
896 2649 945 2694 in
970 2662 1063 2707 quo
1086 2647 1289 2707 primam
1312 2651 1363 2691 et
1388 2645 1634 2692 literarum
1659 2652 1709 2692 et
1732 2647 1966 2693 bonorum
1994 2662 2182 2693 morum
2216 2646 2567 2695 institutionem

584 2744 853 2809 excepisset.
923 2746 1095 2801 Quem,
1133 2760 1242 2791 cum
1275 2746 1344 2791 ita
1374 2743 1596 2790 affectum
1620 2741 1805 2791 vidiffet
1836 2743 1995 2799 abbae,
2032 2747 2293 2793 admiratus
2321 2745 2391 2793 est
2422 2748 2568 2808 pluri-

586 2863 718 2894 mum
738 2862 750 2900 ;
785 2862 840 2894 ac
863 2842 1113 2891 studiosius
1147 2844 1332 2890 curavit
1357 2842 1438 2901 (ne
1463 2845 1540 2890 via
1562 2843 1688 2889 forte
1711 2845 1929 2904 quadam,
1967 2845 2043 2890 vel
2066 2842 2168 2891 astu
2191 2845 2441 2892 hominum
2463 2845 2569 2893 sub-

588 2947 805 2993 dolorum
828 2946 1034 2991 Thomas
1057 2941 1143 2990 fibi
1167 2943 1450 3003 eriperetur)
1475 2948 1531 2988 ut
1555 2929 1668 2988 data
1698 2949 1988 3003 acceptaque
2011 2943 2105 2990 fide
2129 2943 2239 2990 suus
2270 2944 2419 2990 fieret.
2490 2944 2568 2991 Ita

589 3043 861 3106 compositis
895 3044 1116 3090 omnibus
1151 3040 1502 3088 adolescentem
1526 3039 1686 3086 versus
1719 3039 2059 3088 monasterium
2083 3058 2112 3088 a
2134 3041 2323 3103 Kynlos
2350 3043 2565 3089 dimittit.
2623 3108 2625 3110 Ι

592 3145 717 3192 Illuc
740 3145 821 3190 ubi
846 3140 1153 3196 adventasset,
1179 3147 1229 3187 et
1252 3136 1460 3186 subiisset
1483 3139 1652 3201 templi
1678 3139 1752 3198 (ut
1776 3141 1930 3201 aiunt)
1956 3156 2141 3195 navem,
2173 3140 2301 3187 illico
2324 3142 2374 3186 in
2398 3142 2566 3188 faciem

595 3244 820 3297 crucifixi,
857 3259 918 3289 ex
952 3257 1084 3289 more
1121 3247 1313 3301 recepto
1348 3239 1473 3299 apud
1511 3238 1783 3292 catholicos»,
1820 3240 2098 3286 adoraturus
2138 3240 2421 3300 procumbit.
2492 3240 2567 3287 Ac
