<?xml version="1.0" encoding="UTF-8"?>
<!DOCTYPE html PUBLIC "-//W3C//DTD XHTML 1.0 Transitional//EN"
    "http://www.w3.org/TR/xhtml1/DTD/xhtml1-transitional.dtd">
<html xmlns="http://www.w3.org/1999/xhtml" xml:lang="en" lang="en">
 <head>
  <title>
</title>
<meta http-equiv="Content-Type" content="text/html;charset=utf-8" />
  <meta name='ocr-system' content='tesseract 3.04.00' />
  <meta name='ocr-capabilities' content='ocr_page ocr_carea ocr_par ocr_line ocrx_word'/>
</head>
<body>
  <div class='ocr_page' id='page_1' title='image "./ferreriihistor6300ferruoft_0097.png"; bbox 0 0 2938 3762; ppageno 0'>
   <div class='ocr_carea' id='block_1_1' title="bbox 992 464 2410 516">
    <p class='ocr_par' dir='ltr' id='par_1_1' title="bbox 992 464 2410 516">
     <span class='ocr_line' id='line_1_1' title="bbox 992 464 2410 516; baseline 0.002 -5"><span class='ocrx_word' id='word_1_1' title='bbox 992 464 1432 512; x_wconf 84' lang='lat' dir='ltr'><strong>MONASTERII</strong></span> <span class='ocrx_word' id='word_1_2' title='bbox 1467 468 1515 514; x_wconf 95' lang='lat' dir='ltr'>A</span> <span class='ocrx_word' id='word_1_3' title='bbox 1551 468 1850 516; x_wconf 85' lang='lat' dir='ltr'>KYNLOS.</span> <span class='ocrx_word' id='word_1_4' title='bbox 2351 472 2410 516; x_wconf 85' lang='lat'>63</span> 
     </span>
    </p>
   </div>
   <div class='ocr_carea' id='block_1_2' title="bbox 435 589 2412 3221">
    <p class='ocr_par' dir='ltr' id='par_1_2' title="bbox 439 589 2412 2334">
     <span class='ocr_line' id='line_1_2' title="bbox 447 589 2411 660; baseline 0.006 -27"><span class='ocrx_word' id='word_1_5' title='bbox 447 589 571 635; x_wconf 87' lang='lat' dir='ltr'>inter</span> <span class='ocrx_word' id='word_1_6' title='bbox 596 592 839 646; x_wconf 90' lang='lat' dir='ltr'>orandum,</span> <span class='ocrx_word' id='word_1_7' title='bbox 865 593 1022 640; x_wconf 88' lang='lat' dir='ltr'>nescio</span> <span class='ocrx_word' id='word_1_8' title='bbox 1045 597 1160 655; x_wconf 90' lang='lat' dir='ltr'>quid</span> <span class='ocrx_word' id='word_1_9' title='bbox 1182 611 1410 658; x_wconf 87' lang='lat' dir='ltr'>magnum</span> <span class='ocrx_word' id='word_1_10' title='bbox 1432 599 1527 644; x_wconf 87' lang='lat' dir='ltr'>iam</span> <span class='ocrx_word' id='word_1_11' title='bbox 1550 604 1654 644; x_wconf 88' lang='lat' dir='ltr'>tum</span> <span class='ocrx_word' id='word_1_12' title='bbox 1679 599 1737 645; x_wconf 91' lang='lat' dir='ltr'>de</span> <span class='ocrx_word' id='word_1_13' title='bbox 1760 599 1988 660; x_wconf 89' lang='lat' dir='ltr'>religione</span> <span class='ocrx_word' id='word_1_14' title='bbox 2011 603 2061 644; x_wconf 87' lang='lat' dir='ltr'>et</span> <span class='ocrx_word' id='word_1_15' title='bbox 2079 598 2216 658; x_wconf 74' lang='lat' dir='ltr'>hujtls</span> <span class='ocrx_word' id='word_1_16' title='bbox 2233 598 2324 644; x_wconf 90' lang='lat' dir='ltr'>loci</span> <span class='ocrx_word' id='word_1_17' title='bbox 2342 600 2411 644; x_wconf 91' lang='lat' dir='ltr'>in-</span> 
     </span>
     <span class='ocr_line' id='line_1_3' title="bbox 446 690 2410 758; baseline 0.005 -26"><span class='ocrx_word' id='word_1_18' title='bbox 446 695 690 735; x_wconf 89' lang='lat' dir='ltr'>cremento</span> <span class='ocrx_word' id='word_1_19' title='bbox 714 690 836 738; x_wconf 84' lang='lat' dir='ltr'>visus</span> <span class='ocrx_word' id='word_1_20' title='bbox 860 691 943 747; x_wconf 88' lang='lat' dir='ltr'>est,</span> <span class='ocrx_word' id='word_1_21' title='bbox 976 693 1082 740; x_wconf 93' lang='lat' dir='ltr'>Deo</span> <span class='ocrx_word' id='word_1_22' title='bbox 1115 694 1190 753; x_wconf 91' lang='lat' dir='ltr'>(ut</span> <span class='ocrx_word' id='word_1_23' title='bbox 1221 693 1371 756; x_wconf 89' lang='lat' dir='ltr'>ipsum</span> <span class='ocrx_word' id='word_1_24' title='bbox 1395 695 1625 742; x_wconf 88' lang='lat' dir='ltr'>Thomam</span> <span class='ocrx_word' id='word_1_25' title='bbox 1658 698 1944 743; x_wconf 80' lang='lat' dir='ltr'>referentem</span> <span class='ocrx_word' id='word_1_26' title='bbox 1979 697 2156 758; x_wconf 87' lang='lat' dir='ltr'>audivi)</span> <span class='ocrx_word' id='word_1_27' title='bbox 2191 697 2410 757; x_wconf 90' lang='lat' dir='ltr'>propicio,</span> 
     </span>
     <span class='ocr_line' id='line_1_4' title="bbox 447 789 2412 857; baseline 0.004 -25"><span class='ocrx_word' id='word_1_28' title='bbox 447 789 709 849; x_wconf 84' lang='lat' dir='ltr'>concipere.</span> <span class='ocrx_word' id='word_1_29' title='bbox 762 789 1029 837; x_wconf 86' lang='lat' dir='ltr'><strong>Plurimum</strong></span> <span class='ocrx_word' id='word_1_30' title='bbox 1053 794 1356 840; x_wconf 80' lang='lat' dir='ltr'>recreabatur</span> <span class='ocrx_word' id='word_1_31' title='bbox 1377 796 1427 840; x_wconf 91' lang='lat' dir='ltr'>in</span> <span class='ocrx_word' id='word_1_32' title='bbox 1449 796 1619 856; x_wconf 91' lang='lat' dir='ltr'>templi</span> <span class='ocrx_word' id='word_1_33' title='bbox 1640 796 1889 857; x_wconf 87' lang='lat' dir='ltr'>magnifica</span> <span class='ocrx_word' id='word_1_34' title='bbox 1909 794 2151 850; x_wconf 69' lang='lat' dir='ltr'>structura,</span> <span class='ocrx_word' id='word_1_35' title='bbox 2175 801 2226 842; x_wconf 89' lang='lat' dir='ltr'>et</span> <span class='ocrx_word' id='word_1_36' title='bbox 2249 809 2412 841; x_wconf 88' lang='lat' dir='ltr'>eorum</span> 
     </span>
     <span class='ocr_line' id='line_1_5' title="bbox 446 887 2411 955; baseline 0.004 -24"><span class='ocrx_word' id='word_1_37' title='bbox 446 901 568 944; x_wconf 88' lang='lat' dir='ltr'>quae</span> <span class='ocrx_word' id='word_1_38' title='bbox 591 887 690 933; x_wconf 93' lang='lat' dir='ltr'>illic</span> <span class='ocrx_word' id='word_1_39' title='bbox 725 887 941 935; x_wconf 86' lang='lat' dir='ltr'>visuntur</span> <span class='ocrx_word' id='word_1_40' title='bbox 974 891 1034 936; x_wconf 91' lang='lat' dir='ltr'>ad</span> <span class='ocrx_word' id='word_1_41' title='bbox 1068 907 1167 937; x_wconf 91' lang='lat' dir='ltr'>rem</span> <span class='ocrx_word' id='word_1_42' title='bbox 1202 890 1378 939; x_wconf 87' lang='lat' dir='ltr'>sacram</span> <span class='ocrx_word' id='word_1_43' title='bbox 1412 894 1675 940; x_wconf 84' lang='lat' dir='ltr'>faciendam</span> <span class='ocrx_word' id='word_1_44' title='bbox 1698 909 1794 939; x_wconf 93' lang='lat' dir='ltr'>non</span> <span class='ocrx_word' id='word_1_45' title='bbox 1823 893 2088 955; x_wconf 87' lang='lat' dir='ltr'>irreligiosa.</span> <span class='ocrx_word' id='word_1_46' title='bbox 2155 893 2411 940; x_wconf 87' lang='lat' dir='ltr'>Arridebat</span> 
     </span>
     <span class='ocr_line' id='line_1_6' title="bbox 444 982 2411 1052; baseline 0.004 -23"><span class='ocrx_word' id='word_1_47' title='bbox 444 982 643 1032; x_wconf 90' lang='lat' dir='ltr'>subinde</span> <span class='ocrx_word' id='word_1_48' title='bbox 678 993 728 1032; x_wconf 92' lang='lat' dir='ltr'>et</span> <span class='ocrx_word' id='word_1_49' title='bbox 762 989 917 1050; x_wconf 86' lang='lat' dir='ltr'>imago</span> <span class='ocrx_word' id='word_1_50' title='bbox 960 989 1224 1036; x_wconf 84' lang='lat' dir='ltr'>Servatoris</span> <span class='ocrx_word' id='word_1_51' title='bbox 1258 992 1308 1036; x_wconf 96' lang='grc'>111</span> <span class='ocrx_word' id='word_1_52' title='bbox 1342 1007 1481 1038; x_wconf 86' lang='grc'><strong>011100</strong></span> <span class='ocrx_word' id='word_1_53' title='bbox 1514 993 1778 1052; x_wconf 85' lang='lat' dir='ltr'>pendentis,</span> <span class='ocrx_word' id='word_1_54' title='bbox 1813 998 1868 1038; x_wconf 93' lang='lat' dir='ltr'>ut</span> <span class='ocrx_word' id='word_1_55' title='bbox 1907 1008 1963 1038; x_wconf 89' lang='grc'>03</span> <span class='ocrx_word' id='word_1_56' title='bbox 2004 993 2062 1038; x_wconf 83' lang='grc'>(10</span> <span class='ocrx_word' id='word_1_57' title='bbox 2101 1008 2151 1038; x_wconf 87' lang='grc'>10</span> <span class='ocrx_word' id='word_1_58' title='bbox 2191 992 2327 1038; x_wconf 85' lang='lat' dir='ltr'>facile</span> <span class='ocrx_word' id='word_1_59' title='bbox 2360 992 2411 1037; x_wconf 89' lang='lat' dir='ltr'>in</span> 
     </span>
     <span class='ocr_line' id='line_1_7' title="bbox 444 1084 2412 1151; baseline 0.003 -22"><span class='ocrx_word' id='word_1_60' title='bbox 444 1084 656 1130; x_wconf 87' lang='lat' dir='ltr'>animum</span> <span class='ocrx_word' id='word_1_61' title='bbox 691 1086 935 1133; x_wconf 86' lang='lat' dir='ltr'>induxerit</span> <span class='ocrx_word' id='word_1_62' title='bbox 968 1086 1105 1134; x_wconf 91' lang='lat' dir='ltr'>suum</span> <span class='ocrx_word' id='word_1_63' title='bbox 1138 1087 1186 1135; x_wconf 92' lang='lat' dir='ltr'>se</span> <span class='ocrx_word' id='word_1_64' title='bbox 1221 1088 1346 1150; x_wconf 86' lang='lat' dir='ltr'>poffe</span> <span class='ocrx_word' id='word_1_65' title='bbox 1383 1087 1742 1151; x_wconf 86' lang='lat' dir='ltr'>auspicatiffime</span> <span class='ocrx_word' id='word_1_66' title='bbox 1775 1090 1872 1136; x_wconf 93' lang='lat' dir='ltr'>illic</span> <span class='ocrx_word' id='word_1_67' title='bbox 1905 1093 2075 1137; x_wconf 90' lang='lat' dir='ltr'>vivere.</span> <span class='ocrx_word' id='word_1_68' title='bbox 2144 1090 2273 1136; x_wconf 92' lang='lat' dir='ltr'>Dum</span> <span class='ocrx_word' id='word_1_69' title='bbox 2296 1089 2412 1136; x_wconf 87' lang='lat' dir='ltr'>talia</span> 
     </span>
     <span class='ocr_line' id='line_1_8' title="bbox 444 1185 2410 1250; baseline 0.003 -22"><span class='ocrx_word' id='word_1_70' title='bbox 444 1185 656 1239; x_wconf 86' lang='lat' dir='ltr'>miratur,</span> <span class='ocrx_word' id='word_1_71' title='bbox 689 1185 870 1246; x_wconf 79' lang='lat' dir='ltr'>aliquot</span> <span class='ocrx_word' id='word_1_72' title='bbox 895 1203 955 1233; x_wconf 85' lang='lat' dir='ltr'>ex</span> <span class='ocrx_word' id='word_1_73' title='bbox 978 1187 1227 1235; x_wconf 78' lang='lat' dir='ltr'>sodalitate</span> <span class='ocrx_word' id='word_1_74' title='bbox 1250 1189 1333 1235; x_wconf 88' lang='lat' dir='ltr'>illa</span> <span class='ocrx_word' id='word_1_75' title='bbox 1355 1196 1525 1250; x_wconf 83' lang='lat' dir='ltr'>patres,</span> <span class='ocrx_word' id='word_1_76' title='bbox 1563 1190 1732 1249; x_wconf 82' lang='lat' dir='ltr'>quibus</span> <span class='ocrx_word' id='word_1_77' title='bbox 1755 1187 1936 1250; x_wconf 78' lang='lat' dir='ltr'>singula</span> <span class='ocrx_word' id='word_1_78' title='bbox 1959 1191 2007 1235; x_wconf 94' lang='lat' dir='ltr'>in</span> <span class='ocrx_word' id='word_1_79' title='bbox 2031 1205 2087 1235; x_wconf 91' lang='lat' dir='ltr'>eo</span> <span class='ocrx_word' id='word_1_80' title='bbox 2110 1190 2306 1250; x_wconf 90' lang='lat' dir='ltr'>negocio</span> <span class='ocrx_word' id='word_1_81' title='bbox 2329 1189 2410 1234; x_wconf 89' lang='lat' dir='ltr'>ab·</span> 
     </span>
     <span class='ocr_line' id='line_1_9' title="bbox 443 1282 2411 1346; baseline 0.002 -19"><span class='ocrx_word' id='word_1_82' title='bbox 443 1282 526 1328; x_wconf 83' lang='lat' dir='ltr'>bas</span> <span class='ocrx_word' id='word_1_83' title='bbox 571 1285 777 1343; x_wconf 89' lang='lat' dir='ltr'>primum</span> <span class='ocrx_word' id='word_1_84' title='bbox 827 1282 1123 1346; x_wconf 77' lang='lat' dir='ltr'>significarat,</span> <span class='ocrx_word' id='word_1_85' title='bbox 1175 1302 1286 1332; x_wconf 91' lang='lat' dir='ltr'>eum</span> <span class='ocrx_word' id='word_1_86' title='bbox 1330 1284 1658 1333; x_wconf 85' lang='lat' dir='ltr'>humaniffime</span> <span class='ocrx_word' id='word_1_87' title='bbox 1705 1284 1975 1346; x_wconf 88' lang='lat' dir='ltr'>suscipiunt,</span> <span class='ocrx_word' id='word_1_88' title='bbox 2019 1292 2070 1332; x_wconf 92' lang='lat' dir='ltr'>et</span> <span class='ocrx_word' id='word_1_89' title='bbox 2115 1287 2411 1332; x_wconf 87' lang='lat' dir='ltr'>admirabun-</span> 
     </span>
     <span class='ocr_line' id='line_1_10' title="bbox 443 1382 2408 1446; baseline 0.002 -20"><span class='ocrx_word' id='word_1_90' title='bbox 443 1382 557 1426; x_wconf 92' lang='lat' dir='ltr'>dum</span> <span class='ocrx_word' id='word_1_91' title='bbox 583 1398 611 1427; x_wconf 88' lang='lat' dir='ltr'>a</span> <span class='ocrx_word' id='word_1_92' title='bbox 633 1384 847 1429; x_wconf 89' lang='lat' dir='ltr'>novitate</span> <span class='ocrx_word' id='word_1_93' title='bbox 871 1390 921 1429; x_wconf 92' lang='lat' dir='ltr'>et</span> <span class='ocrx_word' id='word_1_94' title='bbox 946 1382 1188 1446; x_wconf 77' lang='lat' dir='ltr'>congressu</span> <span class='ocrx_word' id='word_1_95' title='bbox 1210 1383 1447 1430; x_wconf 90' lang='lat' dir='ltr'>seniorum</span> <span class='ocrx_word' id='word_1_96' title='bbox 1470 1385 1645 1445; x_wconf 89' lang='lat' dir='ltr'>jubent</span> <span class='ocrx_word' id='word_1_97' title='bbox 1669 1382 1760 1430; x_wconf 83' lang='lat' dir='ltr'>effe</span> <span class='ocrx_word' id='word_1_98' title='bbox 1782 1385 1906 1430; x_wconf 89' lang='lat' dir='ltr'>bono</span> <span class='ocrx_word' id='word_1_99' title='bbox 1931 1391 1981 1430; x_wconf 92' lang='lat' dir='ltr'>et</span> <span class='ocrx_word' id='word_1_100' title='bbox 2005 1385 2201 1430; x_wconf 69' lang='lat' dir='ltr'>infracto</span> <span class='ocrx_word' id='word_1_101' title='bbox 2225 1386 2408 1438; x_wconf 85' lang='grc' dir='ltr'><strong>3111111ος</strong></span> 
     </span>
     <span class='ocr_line' id='line_1_11' title="bbox 444 1480 2409 1544; baseline 0.002 -20"><span class='ocrx_word' id='word_1_102' title='bbox 444 1495 533 1525; x_wconf 91' lang='lat' dir='ltr'>nec</span> <span class='ocrx_word' id='word_1_103' title='bbox 574 1487 794 1527; x_wconf 87' lang='lat' dir='ltr'>vereatur</span> <span class='ocrx_word' id='word_1_104' title='bbox 840 1482 1048 1544; x_wconf 85' lang='lat' dir='ltr'>(rogant)</span> <span class='ocrx_word' id='word_1_105' title='bbox 1090 1484 1149 1528; x_wconf 88' lang='lat' dir='ltr'>de</span> <span class='ocrx_word' id='word_1_106' title='bbox 1195 1483 1380 1529; x_wconf 86' lang='lat' dir='ltr'>abbatis</span> <span class='ocrx_word' id='word_1_107' title='bbox 1425 1480 1668 1543; x_wconf 86' lang='lat' dir='ltr'>promiffis,</span> <span class='ocrx_word' id='word_1_108' title='bbox 1715 1488 1993 1543; x_wconf 83' lang='lat' dir='ltr'>accepturus</span> <span class='ocrx_word' id='word_1_109' title='bbox 2038 1484 2184 1529; x_wconf 91' lang='lat' dir='ltr'>etiam</span> <span class='ocrx_word' id='word_1_110' title='bbox 2222 1483 2409 1542; x_wconf 87' lang='lat' dir='ltr'>majora.</span> 
     </span>
     <span class='ocr_line' id='line_1_12' title="bbox 445 1577 2409 1642; baseline 0.001 -18"><span class='ocrx_word' id='word_1_111' title='bbox 445 1577 643 1625; x_wconf 84' lang='lat' dir='ltr'>Diceres</span> <span class='ocrx_word' id='word_1_112' title='bbox 675 1580 777 1639; x_wconf 92' lang='lat' dir='ltr'>jam</span> <span class='ocrx_word' id='word_1_113' title='bbox 819 1590 924 1626; x_wconf 91' lang='lat' dir='ltr'>tum</span> <span class='ocrx_word' id='word_1_114' title='bbox 965 1597 1130 1627; x_wconf 90' lang='lat' dir='ltr'>eorum</span> <span class='ocrx_word' id='word_1_115' title='bbox 1167 1597 1288 1641; x_wconf 92' lang='lat' dir='ltr'>quae</span> <span class='ocrx_word' id='word_1_116' title='bbox 1328 1583 1451 1628; x_wconf 59' lang='lat' dir='ltr'>fausta</span> <span class='ocrx_word' id='word_1_117' title='bbox 1484 1580 1593 1627; x_wconf 90' lang='lat' dir='ltr'>sunt</span> <span class='ocrx_word' id='word_1_118' title='bbox 1632 1578 1793 1642; x_wconf 89' lang='lat' dir='ltr'>postea</span> <span class='ocrx_word' id='word_1_119' title='bbox 1832 1597 1927 1626; x_wconf 92' lang='lat' dir='ltr'>non</span> <span class='ocrx_word' id='word_1_120' title='bbox 1968 1581 2072 1627; x_wconf 91' lang='lat' dir='ltr'>leve</span> <span class='ocrx_word' id='word_1_121' title='bbox 2106 1580 2409 1642; x_wconf 87' lang='lat' dir='ltr'>praesagium.</span> 
     </span>
     <span class='ocr_line' id='line_1_13' title="bbox 444 1678 2408 1741; baseline 0.001 -17"><span class='ocrx_word' id='word_1_122' title='bbox 444 1678 522 1724; x_wconf 90' lang='lat' dir='ltr'>Ita</span> <span class='ocrx_word' id='word_1_123' title='bbox 545 1680 605 1725; x_wconf 90' lang='lat' dir='ltr'>ad</span> <span class='ocrx_word' id='word_1_124' title='bbox 638 1678 686 1725; x_wconf 92' lang='lat' dir='ltr'>se</span> <span class='ocrx_word' id='word_1_125' title='bbox 715 1678 886 1741; x_wconf 86' lang='lat' dir='ltr'>finguli</span> <span class='ocrx_word' id='word_1_126' title='bbox 920 1681 1169 1741; x_wconf 84' lang='lat' dir='ltr'>rapiebant</span> <span class='ocrx_word' id='word_1_127' title='bbox 1191 1680 1436 1733; x_wconf 88' lang='lat' dir='ltr'>Thomam,</span> <span class='ocrx_word' id='word_1_128' title='bbox 1467 1685 1522 1725; x_wconf 94' lang='lat' dir='ltr'>ut</span> <span class='ocrx_word' id='word_1_129' title='bbox 1557 1678 1735 1726; x_wconf 86' lang='lat' dir='ltr'>nescias</span> <span class='ocrx_word' id='word_1_130' title='bbox 1768 1695 1829 1725; x_wconf 88' lang='lat' dir='ltr'>an</span> <span class='ocrx_word' id='word_1_131' title='bbox 1864 1678 2013 1739; x_wconf 89' lang='lat' dir='ltr'>ipsum</span> <span class='ocrx_word' id='word_1_132' title='bbox 2049 1680 2408 1725; x_wconf 88' lang='lat' dir='ltr'>fortunatiorem</span> 
     </span>
     <span class='ocr_line' id='line_1_14' title="bbox 442 1776 2408 1841; baseline -0.001 -18"><span class='ocrx_word' id='word_1_133' title='bbox 442 1779 524 1837; x_wconf 92' lang='lat' dir='ltr'>qui</span> <span class='ocrx_word' id='word_1_134' title='bbox 547 1779 666 1825; x_wconf 90' lang='lat' dir='ltr'>adeo</span> <span class='ocrx_word' id='word_1_135' title='bbox 701 1776 892 1824; x_wconf 86' lang='lat' dir='ltr'>festivos</span> <span class='ocrx_word' id='word_1_136' title='bbox 923 1785 972 1824; x_wconf 94' lang='lat' dir='ltr'>et</span> <span class='ocrx_word' id='word_1_137' title='bbox 1008 1780 1238 1841; x_wconf 83' lang='lat' dir='ltr'>benignos</span> <span class='ocrx_word' id='word_1_138' title='bbox 1272 1785 1431 1839; x_wconf 86' lang='lat' dir='ltr'>patres</span> <span class='ocrx_word' id='word_1_139' title='bbox 1465 1779 1774 1831; x_wconf 87' lang='lat' dir='ltr'>adinvenerit,</span> <span class='ocrx_word' id='word_1_140' title='bbox 1809 1793 1869 1824; x_wconf 89' lang='lat' dir='ltr'>an</span> <span class='ocrx_word' id='word_1_141' title='bbox 1904 1777 2009 1823; x_wconf 82' lang='lat' dir='ltr'>illos</span> <span class='ocrx_word' id='word_1_142' title='bbox 2043 1777 2273 1824; x_wconf 87' lang='lat' dir='ltr'>feliciores</span> <span class='ocrx_word' id='word_1_143' title='bbox 2308 1779 2408 1837; x_wconf 90' lang='lat' dir='ltr'>qui-</span> 
     </span>
     <span class='ocr_line' id='line_1_15' title="bbox 442 1875 2406 1938; baseline -0.001 -16"><span class='ocrx_word' id='word_1_144' title='bbox 442 1877 530 1922; x_wconf 85' lang='lat' dir='ltr'>bus</span> <span class='ocrx_word' id='word_1_145' title='bbox 564 1883 701 1923; x_wconf 88' lang='lat' dir='ltr'>tanta</span> <span class='ocrx_word' id='word_1_146' title='bbox 734 1884 930 1938; x_wconf 89' lang='lat' dir='ltr'>tamque</span> <span class='ocrx_word' id='word_1_147' title='bbox 953 1876 1161 1938; x_wconf 64' lang='lat' dir='ltr'>speetata</span> <span class='ocrx_word' id='word_1_148' title='bbox 1194 1877 1354 1924; x_wconf 92' lang='lat' dir='ltr'>indole</span> <span class='ocrx_word' id='word_1_149' title='bbox 1390 1878 1643 1938; x_wconf 89' lang='lat' dir='ltr'>contigerit</span> <span class='ocrx_word' id='word_1_150' title='bbox 1666 1875 1948 1923; x_wconf 80' lang='lat' dir='ltr'>adolescens.</span> <span class='ocrx_word' id='word_1_151' title='bbox 2006 1875 2146 1922; x_wconf 90' lang='lat' dir='ltr'>Illinc</span> <span class='ocrx_word' id='word_1_152' title='bbox 2181 1877 2406 1921; x_wconf 66' lang='lat' dir='ltr'>deductus</span> 
     </span>
     <span class='ocr_line' id='line_1_16' title="bbox 442 1972 2406 2037; baseline -0.002 -15"><span class='ocrx_word' id='word_1_153' title='bbox 442 1975 512 2022; x_wconf 87' lang='lat' dir='ltr'>est</span> <span class='ocrx_word' id='word_1_154' title='bbox 534 1978 594 2023; x_wconf 88' lang='lat' dir='ltr'>ad</span> <span class='ocrx_word' id='word_1_155' title='bbox 617 1977 840 2023; x_wconf 84' lang='lat' dir='ltr'>abbatem</span> <span class='ocrx_word' id='word_1_156' title='bbox 865 1978 942 2023; x_wconf 89' lang='lat' dir='ltr'>cui</span> <span class='ocrx_word' id='word_1_157' title='bbox 965 1993 1062 2022; x_wconf 92' lang='lat' dir='ltr'>non</span> <span class='ocrx_word' id='word_1_158' title='bbox 1085 1975 1370 2037; x_wconf 64' lang='lat' dir='ltr'>inspeaatus</span> <span class='ocrx_word' id='word_1_159' title='bbox 1393 1976 1664 2022; x_wconf 87' lang='lat' dir='ltr'>advenerat.</span> <span class='ocrx_word' id='word_1_160' title='bbox 1732 1973 1808 2020; x_wconf 92' lang='lat' dir='ltr'>Ac</span> <span class='ocrx_word' id='word_1_161' title='bbox 1830 1972 1933 2035; x_wconf 89' lang='lat' dir='ltr'>post</span> <span class='ocrx_word' id='word_1_162' title='bbox 1956 1974 2137 2034; x_wconf 90' lang='lat' dir='ltr'>aliquot</span> <span class='ocrx_word' id='word_1_163' title='bbox 2160 1974 2272 2027; x_wconf 85' lang='lat' dir='ltr'>dies,</span> <span class='ocrx_word' id='word_1_164' title='bbox 2297 1988 2406 2020; x_wconf 91' lang='lat' dir='ltr'>cum</span> 
     </span>
     <span class='ocr_line' id='line_1_17' title="bbox 441 2069 2407 2132; baseline -0.003 -11"><span class='ocrx_word' id='word_1_165' title='bbox 441 2075 593 2122; x_wconf 88' lang='lat' dir='ltr'>altero</span> <span class='ocrx_word' id='word_1_166' title='bbox 629 2077 705 2122; x_wconf 94' lang='lat' dir='ltr'>cui</span> <span class='ocrx_word' id='word_1_167' title='bbox 739 2091 917 2121; x_wconf 91' lang='lat' dir='ltr'>nomen</span> <span class='ocrx_word' id='word_1_168' title='bbox 951 2081 1054 2121; x_wconf 89' lang='lat' dir='ltr'>erat</span> <span class='ocrx_word' id='word_1_169' title='bbox 1087 2074 1264 2120; x_wconf 89' lang='lat' dir='ltr'>Joanni</span> <span class='ocrx_word' id='word_1_170' title='bbox 1298 2074 1535 2127; x_wconf 88' lang='lat' dir='ltr'>Richardi,</span> <span class='ocrx_word' id='word_1_171' title='bbox 1570 2071 1721 2119; x_wconf 81' lang='lat' dir='ltr'>sacras</span> <span class='ocrx_word' id='word_1_172' title='bbox 1757 2071 1891 2132; x_wconf 86' lang='lat' dir='ltr'>(quas</span> <span class='ocrx_word' id='word_1_173' title='bbox 1915 2074 2105 2132; x_wconf 88' lang='lat' dir='ltr'>vocant)</span> <span class='ocrx_word' id='word_1_174' title='bbox 2140 2069 2291 2117; x_wconf 84' lang='lat' dir='ltr'>vestes</span> <span class='ocrx_word' id='word_1_175' title='bbox 2324 2087 2407 2131; x_wconf 92' lang='lat' dir='ltr'>per</span> 
     </span>
     <span class='ocr_line' id='line_1_18' title="bbox 441 2168 2403 2245; baseline -0.004 -24"><span class='ocrx_word' id='word_1_176' title='bbox 441 2175 665 2221; x_wconf 87' lang='lat' dir='ltr'>abbatem</span> <span class='ocrx_word' id='word_1_177' title='bbox 701 2174 885 2220; x_wconf 87' lang='lat' dir='ltr'>oblatas</span> <span class='ocrx_word' id='word_1_178' title='bbox 921 2168 1106 2245; x_wconf 66' lang='lat' dir='ltr'>induit:</span> <span class='ocrx_word' id='word_1_179' title='bbox 1148 2174 1225 2219; x_wconf 91' lang='lat' dir='ltr'>die</span> <span class='ocrx_word' id='word_1_180' title='bbox 1260 2173 1483 2218; x_wconf 91' lang='lat' dir='ltr'>nimirum</span> <span class='ocrx_word' id='word_1_181' title='bbox 1519 2171 1811 2232; x_wconf 87' lang='lat' dir='ltr'>Epiphaniae</span> <span class='ocrx_word' id='word_1_182' title='bbox 1846 2171 1905 2216; x_wconf 90' lang='lat' dir='ltr'>ab</span> <span class='ocrx_word' id='word_1_183' title='bbox 1939 2168 2123 2216; x_wconf 86' lang='lat' dir='ltr'>Christo</span> <span class='ocrx_word' id='word_1_184' title='bbox 2147 2175 2258 2215; x_wconf 91' lang='lat' dir='ltr'>nato</span> <span class='ocrx_word' id='word_1_185' title='bbox 2282 2184 2403 2215; x_wconf 89' lang='lat' dir='ltr'>anno</span> 
     </span>
     <span class='ocr_line' id='line_1_19' title="bbox 439 2267 1749 2334; baseline -0.004 -15"><span class='ocrx_word' id='word_1_186' title='bbox 439 2272 690 2319; x_wconf 87' lang='lat' dir='ltr'>millefimo</span> <span class='ocrx_word' id='word_1_187' title='bbox 714 2270 1176 2334; x_wconf 81' lang='lat' dir='ltr'>quadringentesimo</span> <span class='ocrx_word' id='word_1_188' title='bbox 1200 2267 1513 2332; x_wconf 56' lang='lat' dir='ltr'>ottuagefimo</span> <span class='ocrx_word' id='word_1_189' title='bbox 1536 2268 1749 2330; x_wconf 88' lang='lat' dir='ltr'>septimo.</span> 
     </span>
    </p>

    <p class='ocr_par' dir='ltr' id='par_1_3' title="bbox 435 2364 2400 3221">
     <span class='ocr_line' id='line_1_20' title="bbox 508 2364 2400 2426; baseline -0.005 -7"><span class='ocrx_word' id='word_1_190' title='bbox 508 2373 678 2419; x_wconf 65' lang='lat' dir='ltr'>Factus</span> <span class='ocrx_word' id='word_1_191' title='bbox 702 2373 981 2419; x_wconf 87' lang='lat' dir='ltr'>candidatus</span> <span class='ocrx_word' id='word_1_192' title='bbox 1017 2368 1337 2417; x_wconf 80' lang='lat' dir='ltr'>Cistercienfis</span> <span class='ocrx_word' id='word_1_193' title='bbox 1372 2367 1591 2422; x_wconf 89' lang='lat' dir='ltr'>instituti,</span> <span class='ocrx_word' id='word_1_194' title='bbox 1629 2369 1781 2414; x_wconf 84' lang='lat' dir='ltr'>acrius</span> <span class='ocrx_word' id='word_1_195' title='bbox 1820 2366 1973 2412; x_wconf 88' lang='lat' dir='ltr'>multo</span> <span class='ocrx_word' id='word_1_196' title='bbox 2014 2381 2155 2426; x_wconf 88' lang='lat' dir='ltr'>quam</span> <span class='ocrx_word' id='word_1_197' title='bbox 2190 2365 2303 2411; x_wconf 87' lang='lat' dir='ltr'>alias</span> <span class='ocrx_word' id='word_1_198' title='bbox 2334 2364 2400 2410; x_wconf 93' lang='lat' dir='ltr'>sui</span> 
     </span>
     <span class='ocr_line' id='line_1_21' title="bbox 439 2464 2400 2533; baseline -0.005 -15"><span class='ocrx_word' id='word_1_199' title='bbox 439 2473 616 2533; x_wconf 85' lang='lat' dir='ltr'>ingenii</span> <span class='ocrx_word' id='word_1_200' title='bbox 658 2473 779 2516; x_wconf 86' lang='lat' dir='ltr'>vires</span> <span class='ocrx_word' id='word_1_201' title='bbox 819 2472 868 2515; x_wconf 91' lang='lat' dir='ltr'>in</span> <span class='ocrx_word' id='word_1_202' title='bbox 909 2469 1158 2516; x_wconf 86' lang='lat' dir='ltr'>ediscendo</span> <span class='ocrx_word' id='word_1_203' title='bbox 1198 2469 1472 2514; x_wconf 88' lang='lat' dir='ltr'>memoriter</span> <span class='ocrx_word' id='word_1_204' title='bbox 1510 2465 1742 2527; x_wconf 89' lang='lat' dir='ltr'>psalterio,</span> <span class='ocrx_word' id='word_1_205' title='bbox 1782 2465 1981 2525; x_wconf 81' lang='lat' dir='ltr'>hymniS‚</span> <span class='ocrx_word' id='word_1_206' title='bbox 2020 2465 2228 2516; x_wconf 83' lang='lat' dir='ltr'>canticis,</span> <span class='ocrx_word' id='word_1_207' title='bbox 2268 2469 2317 2509; x_wconf 92' lang='lat' dir='ltr'>et</span> <span class='ocrx_word' id='word_1_208' title='bbox 2354 2464 2400 2508; x_wconf 92' lang='lat' dir='ltr'>id</span> 
     </span>
     <span class='ocr_line' id='line_1_22' title="bbox 437 2561 2399 2632; baseline -0.006 -16"><span class='ocrx_word' id='word_1_209' title='bbox 437 2586 588 2632; x_wconf 88' lang='lat' dir='ltr'>genus</span> <span class='ocrx_word' id='word_1_210' title='bbox 612 2570 716 2616; x_wconf 85' lang='lat' dir='ltr'>aliis</span> <span class='ocrx_word' id='word_1_211' title='bbox 740 2570 967 2615; x_wconf 86' lang='lat' dir='ltr'>exercuit.</span> <span class='ocrx_word' id='word_1_212' title='bbox 1038 2568 1139 2615; x_wconf 83' lang='lat' dir='ltr'>Vix</span> <span class='ocrx_word' id='word_1_213' title='bbox 1163 2568 1325 2613; x_wconf 85' lang='lat' dir='ltr'>credas</span> <span class='ocrx_word' id='word_1_214' title='bbox 1360 2565 1590 2626; x_wconf 90' lang='lat' dir='ltr'>quantulo</span> <span class='ocrx_word' id='word_1_215' title='bbox 1615 2570 1828 2624; x_wconf 87' lang='lat' dir='ltr'>tempore</span> <span class='ocrx_word' id='word_1_216' title='bbox 1851 2563 1900 2609; x_wconf 91' lang='lat' dir='ltr'>id</span> <span class='ocrx_word' id='word_1_217' title='bbox 1923 2562 2048 2622; x_wconf 92' lang='lat' dir='ltr'>quod</span> <span class='ocrx_word' id='word_1_218' title='bbox 2070 2561 2281 2622; x_wconf 89' lang='lat' dir='ltr'>plerique</span> <span class='ocrx_word' id='word_1_219' title='bbox 2304 2575 2399 2606; x_wconf 92' lang='lat' dir='ltr'>non</span> 
     </span>
     <span class='ocr_line' id='line_1_23' title="bbox 438 2660 2398 2729; baseline -0.006 -14"><span class='ocrx_word' id='word_1_220' title='bbox 438 2669 616 2728; x_wconf 86' lang='lat' dir='ltr'>infelici</span> <span class='ocrx_word' id='word_1_221' title='bbox 657 2668 848 2729; x_wconf 89' lang='lat' dir='ltr'>ingenio</span> <span class='ocrx_word' id='word_1_222' title='bbox 884 2665 1241 2718; x_wconf 87' lang='lat' dir='ltr'>consueverunt,</span> <span class='ocrx_word' id='word_1_223' title='bbox 1282 2665 1537 2710; x_wconf 88' lang='lat' dir='ltr'>memoriae</span> <span class='ocrx_word' id='word_1_224' title='bbox 1577 2662 1930 2709; x_wconf 89' lang='lat' dir='ltr'>commendarit.</span> <span class='ocrx_word' id='word_1_225' title='bbox 2000 2660 2178 2707; x_wconf 63' lang='lat' dir='ltr'>Octavo</span> <span class='ocrx_word' id='word_1_226' title='bbox 2213 2674 2398 2719; x_wconf 90' lang='lat' dir='ltr'>quoque</span> 
     </span>
     <span class='ocr_line' id='line_1_24' title="bbox 437 2757 2398 2827; baseline -0.006 -13"><span class='ocrx_word' id='word_1_227' title='bbox 437 2770 514 2814; x_wconf 92' lang='lat' dir='ltr'>die</span> <span class='ocrx_word' id='word_1_228' title='bbox 539 2767 613 2827; x_wconf 92' lang='lat' dir='ltr'>(ut</span> <span class='ocrx_word' id='word_1_229' title='bbox 636 2768 796 2827; x_wconf 91' lang='lat' dir='ltr'>audio)</span> <span class='ocrx_word' id='word_1_230' title='bbox 821 2781 971 2812; x_wconf 92' lang='lat' dir='ltr'>unum</span> <span class='ocrx_word' id='word_1_231' title='bbox 994 2764 1202 2826; x_wconf 88' lang='lat' dir='ltr'>psalterii</span> <span class='ocrx_word' id='word_1_232' title='bbox 1225 2765 1506 2809; x_wconf 66' lang='lat' dir='ltr'>nocturnum</span> <span class='ocrx_word' id='word_1_233' title='bbox 1539 2759 1621 2807; x_wconf 90' lang='lat' dir='ltr'>suo</span> <span class='ocrx_word' id='word_1_234' title='bbox 1644 2762 1693 2807; x_wconf 88' lang='lat' dir='ltr'>in</span> <span class='ocrx_word' id='word_1_235' title='bbox 1716 2761 1790 2806; x_wconf 82' lang='lat' dir='ltr'>his</span> <span class='ocrx_word' id='word_1_236' title='bbox 1813 2775 1933 2820; x_wconf 88' lang='lat' dir='ltr'>quae</span> <span class='ocrx_word' id='word_1_237' title='bbox 1957 2761 2015 2805; x_wconf 92' lang='lat' dir='ltr'>de</span> <span class='ocrx_word' id='word_1_238' title='bbox 2038 2759 2263 2819; x_wconf 89' lang='lat' dir='ltr'>religione</span> <span class='ocrx_word' id='word_1_239' title='bbox 2289 2757 2398 2804; x_wconf 90' lang='lat' dir='ltr'>sunt</span> 
     </span>
     <span class='ocr_line' id='line_1_25' title="bbox 437 2857 2394 2920; baseline -0.007 -7"><span class='ocrx_word' id='word_1_240' title='bbox 437 2868 693 2920; x_wconf 88' lang='lat' dir='ltr'>formatori,</span> <span class='ocrx_word' id='word_1_241' title='bbox 740 2866 830 2911; x_wconf 92' lang='grc'><strong>1100</strong></span> <span class='ocrx_word' id='word_1_242' title='bbox 875 2862 957 2918; x_wconf 89' lang='lat' dir='ltr'>est,</span> <span class='ocrx_word' id='word_1_243' title='bbox 1005 2864 1196 2909; x_wconf 92' lang='lat' dir='ltr'>domino</span> <span class='ocrx_word' id='word_1_244' title='bbox 1243 2861 1448 2907; x_wconf 85' lang='lat' dir='ltr'>Patricio</span> <span class='ocrx_word' id='word_1_245' title='bbox 1495 2858 1682 2905; x_wconf 91' lang='lat' dir='ltr'>Wilson</span> <span class='ocrx_word' id='word_1_246' title='bbox 1731 2859 2004 2904; x_wconf 92' lang='lat' dir='ltr'>memoriter</span> <span class='ocrx_word' id='word_1_247' title='bbox 2054 2857 2394 2917; x_wconf 87' lang='lat' dir='ltr'>pronunciavit.</span> 
     </span>
     <span class='ocr_line' id='line_1_26' title="bbox 437 2940 2395 3024; baseline -0.007 -12"><span class='ocrx_word' id='word_1_248' title='bbox 437 2966 568 3012; x_wconf 89' lang='lat' dir='ltr'>Hinc</span> <span class='ocrx_word' id='word_1_249' title='bbox 603 2964 826 3024; x_wconf 87' lang='lat' dir='ltr'>colligere</span> <span class='ocrx_word' id='word_1_250' title='bbox 853 2963 958 3022; x_wconf 85' lang='lat' dir='ltr'>quis</span> <span class='ocrx_word' id='word_1_251' title='bbox 992 2959 1147 3021; x_wconf 90' lang='lat' dir='ltr'>potest</span> <span class='ocrx_word' id='word_1_252' title='bbox 1181 2961 1294 3020; x_wconf 93' lang='lat' dir='ltr'>quid</span> <span class='ocrx_word' id='word_1_253' title='bbox 1329 2956 1615 3019; x_wconf 87' lang='lat' dir='ltr'>praestiterit</span> <span class='ocrx_word' id='word_1_254' title='bbox 1649 2958 1698 3002; x_wconf 92' lang='lat' dir='ltr'>in</span> <span class='ocrx_word' id='word_1_255' title='bbox 1726 2956 1917 3016; x_wconf 80' lang='lat' dir='ltr'>reliquis</span> <span class='ocrx_word' id='word_1_256' title='bbox 1951 2956 2031 3014; x_wconf 93' lang='lat' dir='ltr'>qui</span> <span class='ocrx_word' id='word_1_257' title='bbox 2065 2940 2182 3000; x_wconf 87' lang='lat' dir='ltr'>adeo</span> <span class='ocrx_word' id='word_1_258' title='bbox 2216 2955 2265 2999; x_wconf 92' lang='lat' dir='ltr'>in</span> <span class='ocrx_word' id='word_1_259' title='bbox 2291 2970 2395 3015; x_wconf 88' lang='lat' dir='ltr'>gra-</span> 
     </span>
     <span class='ocr_line' id='line_1_27' title="bbox 438 3052 2395 3123; baseline -0.007 -12"><span class='ocrx_word' id='word_1_260' title='bbox 438 3065 644 3122; x_wconf 83' lang='lat' dir='ltr'>vioribus</span> <span class='ocrx_word' id='word_1_261' title='bbox 684 3062 921 3123; x_wconf 86' lang='lat' dir='ltr'>egregiam</span> <span class='ocrx_word' id='word_1_262' title='bbox 961 3060 1206 3105; x_wconf 89' lang='lat' dir='ltr'>navaverit</span> <span class='ocrx_word' id='word_1_263' title='bbox 1247 3072 1451 3117; x_wconf 89' lang='lat' dir='ltr'>operam.</span> <span class='ocrx_word' id='word_1_264' title='bbox 1537 3054 1773 3101; x_wconf 85' lang='lat' dir='ltr'>Revoluto</span> <span class='ocrx_word' id='word_1_265' title='bbox 1813 3069 1948 3107; x_wconf 88' lang='grc'><strong>311110,</strong></span> <span class='ocrx_word' id='word_1_266' title='bbox 1987 3052 2062 3097; x_wconf 90' lang='lat' dir='ltr'>die</span> <span class='ocrx_word' id='word_1_267' title='bbox 2101 3052 2266 3097; x_wconf 88' lang='lat' dir='ltr'>eadem</span> <span class='ocrx_word' id='word_1_268' title='bbox 2303 3067 2395 3111; x_wconf 87' lang='lat' dir='ltr'>qua</span> 
     </span>
     <span class='ocr_line' id='line_1_28' title="bbox 435 3148 2392 3221; baseline -0.008 -11"><span class='ocrx_word' id='word_1_269' title='bbox 435 3161 660 3210; x_wconf 85' lang='lat' dir='ltr'>detonsus</span> <span class='ocrx_word' id='word_1_270' title='bbox 683 3161 888 3221; x_wconf 91' lang='lat' dir='ltr'>primum</span> <span class='ocrx_word' id='word_1_271' title='bbox 911 3158 1016 3212; x_wconf 91' lang='lat' dir='ltr'>fuit,</span> <span class='ocrx_word' id='word_1_272' title='bbox 1040 3157 1297 3219; x_wconf 81' lang='lat' dir='ltr'>publicitus</span> <span class='ocrx_word' id='word_1_273' title='bbox 1320 3157 1369 3200; x_wconf 94' lang='lat' dir='ltr'>in</span> <span class='ocrx_word' id='word_1_274' title='bbox 1393 3153 1573 3214; x_wconf 91' lang='lat' dir='ltr'>templo</span> <span class='ocrx_word' id='word_1_275' title='bbox 1597 3168 1692 3198; x_wconf 89' lang='lat' dir='ltr'>una</span> <span class='ocrx_word' id='word_1_276' title='bbox 1715 3167 1823 3198; x_wconf 92' lang='lat' dir='ltr'>cum</span> <span class='ocrx_word' id='word_1_277' title='bbox 1847 3150 2028 3212; x_wconf 89' lang='lat' dir='ltr'>collega</span> <span class='ocrx_word' id='word_1_278' title='bbox 2049 3148 2130 3196; x_wconf 92' lang='lat' dir='ltr'>suo</span> <span class='ocrx_word' id='word_1_279' title='bbox 2154 3151 2392 3210; x_wconf 83' lang='lat' dir='ltr'>conceptis</span> 
     </span>
    </p>
   </div>
   <div class='ocr_carea' id='block_1_3' title="bbox 438 3246 2389 3311">
    <p class='ocr_par' dir='ltr' id='par_1_4' title="bbox 438 3246 2389 3311">
     <span class='ocr_line' id='line_1_29' title="bbox 438 3246 2389 3311; baseline -0.008 -3"><span class='ocrx_word' id='word_1_280' title='bbox 438 3263 593 3308; x_wconf 77' lang='lat' dir='ltr'>verbis</span> <span class='ocrx_word' id='word_1_281' title='bbox 629 3277 687 3306; x_wconf 86' lang='lat' dir='ltr'>ex</span> <span class='ocrx_word' id='word_1_282' title='bbox 724 3274 854 3304; x_wconf 87' lang='lat' dir='ltr'>more</span> <span class='ocrx_word' id='word_1_283' title='bbox 878 3259 927 3303; x_wconf 93' lang='lat' dir='ltr'>in</span> <span class='ocrx_word' id='word_1_284' title='bbox 952 3254 1326 3302; x_wconf 87' lang='lat' dir='ltr'>observationem</span> <span class='ocrx_word' id='word_1_285' title='bbox 1362 3252 1699 3299; x_wconf 55' lang='lat' dir='ltr'>Benedffiinae</span> <span class='ocrx_word' id='word_1_286' title='bbox 1734 3249 1924 3311; x_wconf 87' lang='lat' dir='ltr'>regulae</span> <span class='ocrx_word' id='word_1_287' title='bbox 1958 3246 2150 3308; x_wconf 86' lang='lat' dir='ltr'>aliisque</span> <span class='ocrx_word' id='word_1_288' title='bbox 2186 3246 2389 3308; x_wconf 87' lang='lat' dir='ltr'>ejusdem</span> 
     </span>
    </p>
   </div>
  </div>
 </body>
</html>
