<?xml version="1.0" encoding="UTF-8"?>
<!DOCTYPE html PUBLIC "-//W3C//DTD XHTML 1.0 Transitional//EN"
    "http://www.w3.org/TR/xhtml1/DTD/xhtml1-transitional.dtd">
<html xmlns="http://www.w3.org/1999/xhtml" xml:lang="en" lang="en">
 <head>
  <title>
</title>
<meta http-equiv="Content-Type" content="text/html;charset=utf-8" />
  <meta name='ocr-system' content='tesseract 3.04.00' />
  <meta name='ocr-capabilities' content='ocr_page ocr_carea ocr_par ocr_line ocrx_word'/>
</head>
<body>
  <div class='ocr_page' id='page_1' title='image "./ferreriihistor6300ferruoft_0119.png"; bbox 0 0 2938 3762; ppageno 0'>
   <div class='ocr_carea' id='block_1_1' title="bbox 957 465 2353 517">
    <p class='ocr_par' dir='ltr' id='par_1_1' title="bbox 957 465 2353 517">
     <span class='ocr_line' id='line_1_1' title="bbox 957 465 2353 517; baseline 0.003 -4"><span class='ocrx_word' id='word_1_1' title='bbox 957 465 1392 515; x_wconf 87' lang='lat' dir='ltr'>MONASTERII</span> <span class='ocrx_word' id='word_1_2' title='bbox 1426 467 1475 514; x_wconf 95' lang='lat' dir='ltr'>A</span> <span class='ocrx_word' id='word_1_3' title='bbox 1509 466 1806 516; x_wconf 87' lang='lat' dir='ltr'><strong>KYNLOS.</strong></span> <span class='ocrx_word' id='word_1_4' title='bbox 2297 477 2353 517; x_wconf 86' lang='lat'>85</span> 
     </span>
    </p>
   </div>
   <div class='ocr_carea' id='block_1_2' title="bbox 658 789 2382 1031">
    <p class='ocr_par' dir='ltr' id='par_1_2' title="bbox 658 789 2382 1031">
     <span class='ocr_line' id='line_1_2' title="bbox 659 789 2378 835; baseline 0.001 -3"><span class='ocrx_word' id='word_1_5' title='bbox 659 790 971 832; x_wconf 88' lang='lat' dir='ltr'>TUMULUS</span> <span class='ocrx_word' id='word_1_6' title='bbox 1016 789 1395 833; x_wconf 86' lang='lat' dir='ltr'>REVERENDI</span> <span class='ocrx_word' id='word_1_7' title='bbox 1440 791 1679 834; x_wconf 89' lang='lat' dir='ltr'>DOMINI</span> <span class='ocrx_word' id='word_1_8' title='bbox 1726 791 1995 834; x_wconf 88' lang='lat' dir='ltr'>THOMAE</span> <span class='ocrx_word' id='word_1_9' title='bbox 2039 792 2378 835; x_wconf 86' lang='lat' dir='ltr'>CRYSTALLI</span> 
     </span>
     <span class='ocr_line' id='line_1_3' title="bbox 658 889 2382 941; baseline 0.001 -10"><span class='ocrx_word' id='word_1_10' title='bbox 658 890 936 932; x_wconf 88' lang='lat' dir='ltr'><strong>ABBATIS</strong></span> <span class='ocrx_word' id='word_1_11' title='bbox 968 889 1366 932; x_wconf 88' lang='lat' dir='ltr'><strong>MONASTERII</strong></span> <span class='ocrx_word' id='word_1_12' title='bbox 1399 890 1442 931; x_wconf 94' lang='lat' dir='ltr'><strong>A</strong></span> <span class='ocrx_word' id='word_1_13' title='bbox 1472 889 1727 931; x_wconf 90' lang='lat' dir='ltr'><strong>KYNLOS</strong></span> <span class='ocrx_word' id='word_1_14' title='bbox 1767 889 1938 932; x_wconf 87' lang='lat' dir='ltr'><strong>BENE</strong></span> <span class='ocrx_word' id='word_1_15' title='bbox 1982 890 2224 941; x_wconf 83' lang='lat' dir='ltr'><strong>MERITL</strong></span> <span class='ocrx_word' id='word_1_16' title='bbox 2260 891 2382 933; x_wconf 87' lang='lat' dir='ltr'>PER</span> 
     </span>
     <span class='ocr_line' id='line_1_4' title="bbox 660 987 1985 1031; baseline 0 0"><span class='ocrx_word' id='word_1_17' title='bbox 660 988 971 1031; x_wconf 89' lang='lat' dir='ltr'><strong>JOANNEM</strong></span> <span class='ocrx_word' id='word_1_18' title='bbox 1004 987 1388 1031; x_wconf 86' lang='lat' dir='ltr'>FERRERIUM</span> <span class='ocrx_word' id='word_1_19' title='bbox 1422 988 1985 1031; x_wconf 88' lang='lat' dir='ltr'><strong>PEDEMONTANUM.</strong></span> 
     </span>
    </p>
   </div>
   <div class='ocr_carea' id='block_1_3' title="bbox 627 1176 1979 3206">
    <p class='ocr_par' dir='ltr' id='par_1_3' title="bbox 627 1176 1979 3206">
     <span class='ocr_line' id='line_1_5' title="bbox 693 1176 1765 1240; baseline -0.002 -15"><span class='ocrx_word' id='word_1_20' title='bbox 693 1178 745 1226; x_wconf 88' lang='lat' dir='ltr'>Si</span> <span class='ocrx_word' id='word_1_21' title='bbox 768 1176 917 1240; x_wconf 79' lang='lat' dir='ltr'>poffet</span> <span class='ocrx_word' id='word_1_22' title='bbox 940 1179 1093 1240; x_wconf 80' lang='lat' dir='ltr'>pietas</span> <span class='ocrx_word' id='word_1_23' title='bbox 1115 1178 1282 1223; x_wconf 84' lang='lat' dir='ltr'>mortis</span> <span class='ocrx_word' id='word_1_24' title='bbox 1305 1177 1524 1224; x_wconf 88' lang='lat' dir='ltr'>cohibere</span> <span class='ocrx_word' id='word_1_25' title='bbox 1546 1178 1765 1232; x_wconf 88' lang='lat' dir='ltr'>furorem,</span> 
     </span>
     <span class='ocr_line' id='line_1_6' title="bbox 758 1275 1778 1337; baseline -0.004 -13"><span class='ocrx_word' id='word_1_26' title='bbox 758 1277 906 1324; x_wconf 85' lang='lat' dir='ltr'><strong>Haud</strong></span> <span class='ocrx_word' id='word_1_27' title='bbox 928 1278 1051 1323; x_wconf 77' lang='lat' dir='ltr'>foret</span> <span class='ocrx_word' id='word_1_28' title='bbox 1074 1276 1313 1323; x_wconf 59' lang='lat' dir='ltr'>extinctus</span> <span class='ocrx_word' id='word_1_29' title='bbox 1335 1275 1594 1337; x_wconf 81' lang='lat' dir='ltr'>relligionis</span> <span class='ocrx_word' id='word_1_30' title='bbox 1615 1276 1778 1322; x_wconf 86' lang='lat' dir='ltr'>honos.</span> 
     </span>
     <span class='ocr_line' id='line_1_7' title="bbox 694 1371 1844 1436; baseline -0.003 -13"><span class='ocrx_word' id='word_1_31' title='bbox 694 1377 747 1424; x_wconf 85' lang='lat' dir='ltr'>Si</span> <span class='ocrx_word' id='word_1_32' title='bbox 770 1378 885 1423; x_wconf 69' lang='grc' dir='ltr'>Υθᾶἰ</span> <span class='ocrx_word' id='word_1_33' title='bbox 908 1376 1116 1422; x_wconf 88' lang='lat' dir='ltr'>officium</span> <span class='ocrx_word' id='word_1_34' title='bbox 1137 1371 1287 1436; x_wconf 72' lang='lat' dir='ltr'>posset</span> <span class='ocrx_word' id='word_1_35' title='bbox 1310 1371 1605 1420; x_wconf 84' lang='lat' dir='ltr'>consternere</span> <span class='ocrx_word' id='word_1_36' title='bbox 1627 1380 1844 1428; x_wconf 81' lang='lat' dir='ltr'>mortem,</span> 
     </span>
     <span class='ocr_line' id='line_1_8' title="bbox 759 1470 1595 1528; baseline -0.006 -6"><span class='ocrx_word' id='word_1_37' title='bbox 759 1475 964 1523; x_wconf 76' lang='lat' dir='ltr'>Viveret</span> <span class='ocrx_word' id='word_1_38' title='bbox 987 1474 1166 1528; x_wconf 83' lang='lat' dir='ltr'>officiis,</span> <span class='ocrx_word' id='word_1_39' title='bbox 1190 1470 1417 1519; x_wconf 82' lang='lat' dir='ltr'>officiosus</span> <span class='ocrx_word' id='word_1_40' title='bbox 1438 1472 1595 1518; x_wconf 92' lang='lat' dir='ltr'>homo.</span> 
     </span>
     <span class='ocr_line' id='line_1_9' title="bbox 699 1569 1830 1633; baseline -0.004 -13"><span class='ocrx_word' id='word_1_41' title='bbox 699 1575 752 1620; x_wconf 82' lang='lat' dir='ltr'>Si</span> <span class='ocrx_word' id='word_1_42' title='bbox 775 1571 1008 1619; x_wconf 63' lang='lat' dir='ltr'>strufimra</span> <span class='ocrx_word' id='word_1_43' title='bbox 1030 1577 1174 1633; x_wconf 76' lang='lat' dir='ltr'>queat</span> <span class='ocrx_word' id='word_1_44' title='bbox 1198 1571 1454 1618; x_wconf 83' lang='lat' dir='ltr'>Parcarum</span> <span class='ocrx_word' id='word_1_45' title='bbox 1478 1571 1667 1616; x_wconf 87' lang='lat' dir='ltr'>vincere</span> <span class='ocrx_word' id='word_1_46' title='bbox 1690 1569 1830 1631; x_wconf 82' lang='lat' dir='ltr'>leges,</span> 
     </span>
     <span class='ocr_line' id='line_1_10' title="bbox 761 1667 1801 1728; baseline -0.006 -9"><span class='ocrx_word' id='word_1_47' title='bbox 761 1671 950 1719; x_wconf 77' lang='lat' dir='ltr'>Vicerit</span> <span class='ocrx_word' id='word_1_48' title='bbox 971 1672 1049 1717; x_wconf 90' lang='lat' dir='ltr'>hic</span> <span class='ocrx_word' id='word_1_49' title='bbox 1071 1676 1226 1717; x_wconf 79' lang='lat' dir='ltr'>tetrae</span> <span class='ocrx_word' id='word_1_50' title='bbox 1248 1667 1449 1716; x_wconf 88' lang='lat' dir='ltr'>stamina</span> <span class='ocrx_word' id='word_1_51' title='bbox 1470 1669 1632 1728; x_wconf 90' lang='lat' dir='ltr'>iniqua</span> <span class='ocrx_word' id='word_1_52' title='bbox 1655 1667 1801 1714; x_wconf 84' lang='lat' dir='ltr'><strong>Deae.</strong></span> 
     </span>
     <span class='ocr_line' id='line_1_11' title="bbox 697 1763 1684 1836; baseline -0.006 -19"><span class='ocrx_word' id='word_1_53' title='bbox 697 1770 838 1818; x_wconf 89' lang='lat' dir='ltr'>Nulli</span> <span class='ocrx_word' id='word_1_54' title='bbox 860 1770 1044 1832; x_wconf 85' lang='lat' dir='ltr'>relligio</span> <span class='ocrx_word' id='word_1_55' title='bbox 1067 1769 1243 1836; x_wconf 81' lang='lat' dir='ltr'>major3</span> <span class='ocrx_word' id='word_1_56' title='bbox 1272 1767 1483 1814; x_wconf 85' lang='lat' dir='ltr'>solennia</span> <span class='ocrx_word' id='word_1_57' title='bbox 1505 1763 1684 1812; x_wconf 88' lang='lat' dir='ltr'>Divum</span> 
     </span>
     <span class='ocr_line' id='line_1_12' title="bbox 760 1849 1891 1925; baseline -0.005 -9"><span class='ocrx_word' id='word_1_58' title='bbox 760 1870 878 1917; x_wconf 85' lang='lat' dir='ltr'>Tam</span> <span class='ocrx_word' id='word_1_59' title='bbox 901 1868 1058 1915; x_wconf 58' lang='lat' dir='ltr'>sanciae</span> <span class='ocrx_word' id='word_1_60' title='bbox 1081 1849 1304 1921; x_wconf 73' lang='lat' dir='ltr'>excoluit,</span> <span class='ocrx_word' id='word_1_61' title='bbox 1328 1881 1539 1920; x_wconf 91' lang='lat' dir='ltr'>munere,</span> <span class='ocrx_word' id='word_1_62' title='bbox 1562 1865 1715 1919; x_wconf 82' lang='lat' dir='ltr'>thure,</span> <span class='ocrx_word' id='word_1_63' title='bbox 1739 1879 1891 1925; x_wconf 76' lang='lat' dir='ltr'>prece,</span> 
     </span>
     <span class='ocr_line' id='line_1_13' title="bbox 699 1963 1838 2028; baseline -0.007 -13"><span class='ocrx_word' id='word_1_64' title='bbox 699 1969 875 2016; x_wconf 75' lang='lat' dir='ltr'>Intulit</span> <span class='ocrx_word' id='word_1_65' title='bbox 896 1969 974 2014; x_wconf 90' lang='lat' dir='ltr'>hic</span> <span class='ocrx_word' id='word_1_66' title='bbox 997 1966 1159 2028; x_wconf 86' lang='lat' dir='ltr'>Tyrias</span> <span class='ocrx_word' id='word_1_67' title='bbox 1182 1963 1347 2019; x_wconf 78' lang='lat' dir='ltr'>vesteS,</span> <span class='ocrx_word' id='word_1_68' title='bbox 1371 1970 1516 2024; x_wconf 82' lang='lat' dir='ltr'>atque</span> <span class='ocrx_word' id='word_1_69' title='bbox 1538 1979 1681 2010; x_wconf 87' lang='lat' dir='ltr'>aurea</span> <span class='ocrx_word' id='word_1_70' title='bbox 1704 1963 1838 2016; x_wconf 88' lang='lat' dir='ltr'>dona,</span> 
     </span>
     <span class='ocr_line' id='line_1_14' title="bbox 765 2060 1875 2123; baseline -0.008 -9"><span class='ocrx_word' id='word_1_71' title='bbox 765 2068 913 2123; x_wconf 85' lang='lat' dir='ltr'>Queis</span> <span class='ocrx_word' id='word_1_72' title='bbox 937 2067 1106 2112; x_wconf 85' lang='lat' dir='ltr'>chorus</span> <span class='ocrx_word' id='word_1_73' title='bbox 1130 2070 1323 2111; x_wconf 78' lang='lat' dir='ltr'>ornatus</span> <span class='ocrx_word' id='word_1_74' title='bbox 1344 2063 1542 2123; x_wconf 79' lang='lat' dir='ltr'>prodeat</span> <span class='ocrx_word' id='word_1_75' title='bbox 1563 2067 1676 2108; x_wconf 80' lang='lat' dir='ltr'>ante</span> <span class='ocrx_word' id='word_1_76' title='bbox 1701 2060 1875 2107; x_wconf 91' lang='lat' dir='ltr'>Deum.</span> 
     </span>
     <span class='ocr_line' id='line_1_15' title="bbox 701 2158 1903 2224; baseline -0.008 -11"><span class='ocrx_word' id='word_1_77' title='bbox 701 2164 941 2212; x_wconf 78' lang='lat' dir='ltr'>Instaurat</span> <span class='ocrx_word' id='word_1_78' title='bbox 963 2163 1229 2224; x_wconf 82' lang='lat' dir='ltr'>templum;</span> <span class='ocrx_word' id='word_1_79' title='bbox 1264 2161 1467 2222; x_wconf 89' lang='lat' dir='ltr'>supremi</span> <span class='ocrx_word' id='word_1_80' title='bbox 1491 2165 1540 2206; x_wconf 76' lang='lat' dir='ltr'>et</span> <span class='ocrx_word' id='word_1_81' title='bbox 1563 2159 1770 2206; x_wconf 87' lang='lat' dir='ltr'>culmina</span> <span class='ocrx_word' id='word_1_82' title='bbox 1791 2158 1903 2204; x_wconf 70' lang='lat' dir='ltr'>teffi</span> 
     </span>
     <span class='ocr_line' id='line_1_16' title="bbox 768 2256 1836 2321; baseline -0.008 -11"><span class='ocrx_word' id='word_1_83' title='bbox 768 2264 800 2310; x_wconf 86' lang='lat' dir='ltr'>J</span> <span class='ocrx_word' id='word_1_84' title='bbox 803 2279 881 2310; x_wconf 89' lang='lat' dir='ltr'>am</span> <span class='ocrx_word' id='word_1_85' title='bbox 904 2262 1085 2308; x_wconf 90' lang='lat' dir='ltr'>dudum</span> <span class='ocrx_word' id='word_1_86' title='bbox 1107 2260 1316 2321; x_wconf 84' lang='lat' dir='ltr'>pulchris</span> <span class='ocrx_word' id='word_1_87' title='bbox 1339 2263 1529 2305; x_wconf 79' lang='lat' dir='ltr'>texerat</span> <span class='ocrx_word' id='word_1_88' title='bbox 1551 2256 1836 2304; x_wconf 81' lang='lat' dir='ltr'>imbricibus.</span> 
     </span>
     <span class='ocr_line' id='line_1_17' title="bbox 702 2351 1968 2419; baseline -0.009 -9"><span class='ocrx_word' id='word_1_89' title='bbox 702 2363 882 2410; x_wconf 85' lang='lat' dir='ltr'>Arcem</span> <span class='ocrx_word' id='word_1_90' title='bbox 905 2358 1164 2412; x_wconf 78' lang='lat' dir='ltr'>constituit,</span> <span class='ocrx_word' id='word_1_91' title='bbox 1188 2372 1360 2419; x_wconf 84' lang='lat' dir='ltr'>magna</span> <span class='ocrx_word' id='word_1_92' title='bbox 1382 2362 1525 2415; x_wconf 78' lang='lat' dir='ltr'>atque</span> <span class='ocrx_word' id='word_1_93' title='bbox 1547 2354 1749 2415; x_wconf 75' lang='lat' dir='ltr'>palatia3</span> <span class='ocrx_word' id='word_1_94' title='bbox 1783 2354 1878 2400; x_wconf 87' lang='lat' dir='ltr'>fixa</span> <span class='ocrx_word' id='word_1_95' title='bbox 1901 2351 1968 2399; x_wconf 88' lang='lat' dir='ltr'>est</span> 
     </span>
     <span class='ocr_line' id='line_1_18' title="bbox 768 2452 1718 2519; baseline -0.012 -11"><span class='ocrx_word' id='word_1_96' title='bbox 768 2461 914 2507; x_wconf 86' lang='lat' dir='ltr'>AEdes</span> <span class='ocrx_word' id='word_1_97' title='bbox 928 2459 1032 2519; x_wconf 87' lang='lat' dir='ltr'>jam</span> <span class='ocrx_word' id='word_1_98' title='bbox 1053 2456 1218 2505; x_wconf 81' lang='lat' dir='ltr'>multis</span> <span class='ocrx_word' id='word_1_99' title='bbox 1241 2453 1568 2515; x_wconf 87' lang='lat' dir='ltr'>conspicienda</span> <span class='ocrx_word' id='word_1_100' title='bbox 1589 2452 1718 2499; x_wconf 82' lang='lat' dir='ltr'>locis.</span> 
     </span>
     <span class='ocr_line' id='line_1_19' title="bbox 708 2552 1722 2616; baseline -0.011 -10"><span class='ocrx_word' id='word_1_101' title='bbox 708 2557 913 2606; x_wconf 82' lang='lat' dir='ltr'>Sustulit</span> <span class='ocrx_word' id='word_1_102' title='bbox 936 2562 986 2604; x_wconf 78' lang='lat' dir='ltr'>et</span> <span class='ocrx_word' id='word_1_103' title='bbox 1008 2557 1118 2602; x_wconf 81' lang='lat' dir='ltr'>lites</span> <span class='ocrx_word' id='word_1_104' title='bbox 1142 2555 1284 2616; x_wconf 92' lang='lat' dir='ltr'>longo</span> <span class='ocrx_word' id='word_1_105' title='bbox 1307 2552 1551 2599; x_wconf 92' lang='lat' dir='ltr'>molimine</span> <span class='ocrx_word' id='word_1_106' title='bbox 1574 2556 1722 2603; x_wconf 79' lang='lat' dir='ltr'>natas,</span> 
     </span>
     <span class='ocr_line' id='line_1_20' title="bbox 772 2647 1619 2712; baseline -0.011 -8"><span class='ocrx_word' id='word_1_107' title='bbox 772 2657 844 2705; x_wconf 79' lang='lat' dir='ltr'>Ut</span> <span class='ocrx_word' id='word_1_108' title='bbox 866 2656 1042 2702; x_wconf 77' lang='lat' dir='ltr'>referat</span> <span class='ocrx_word' id='word_1_109' title='bbox 1064 2655 1196 2707; x_wconf 89' lang='lat' dir='ltr'>liber,</span> <span class='ocrx_word' id='word_1_110' title='bbox 1221 2653 1369 2699; x_wconf 91' lang='lat' dir='ltr'>libera</span> <span class='ocrx_word' id='word_1_111' title='bbox 1383 2647 1492 2712; x_wconf 86' lang='lat' dir='ltr'>jura</span> <span class='ocrx_word' id='word_1_112' title='bbox 1513 2651 1619 2696; x_wconf 83' lang='lat' dir='ltr'>suis.</span> 
     </span>
     <span class='ocr_line' id='line_1_21' title="bbox 706 2747 1868 2814; baseline -0.011 -11"><span class='ocrx_word' id='word_1_113' title='bbox 706 2753 938 2804; x_wconf 77' lang='lat' dir='ltr'>Restituit</span> <span class='ocrx_word' id='word_1_114' title='bbox 962 2751 1114 2814; x_wconf 81' lang='lat' dir='ltr'>lapsos</span> <span class='ocrx_word' id='word_1_115' title='bbox 1137 2747 1388 2812; x_wconf 79' lang='grc' dir='ltr'>Μοναχόυς,</span> <span class='ocrx_word' id='word_1_116' title='bbox 1415 2749 1636 2794; x_wconf 75' lang='lat' dir='ltr'>formavit</span> <span class='ocrx_word' id='word_1_117' title='bbox 1660 2752 1711 2793; x_wconf 79' lang='lat' dir='ltr'>et</span> <span class='ocrx_word' id='word_1_118' title='bbox 1733 2747 1868 2792; x_wconf 80' lang='lat' dir='ltr'>auxit</span> 
     </span>
     <span class='ocr_line' id='line_1_22' title="bbox 774 2844 1979 2904; baseline -0.011 -4"><span class='ocrx_word' id='word_1_119' title='bbox 774 2853 904 2899; x_wconf 92' lang='lat' dir='ltr'>Hinc</span> <span class='ocrx_word' id='word_1_120' title='bbox 927 2851 1114 2904; x_wconf 85' lang='lat' dir='ltr'>Cerere,</span> <span class='ocrx_word' id='word_1_121' title='bbox 1135 2850 1247 2896; x_wconf 90' lang='lat' dir='ltr'>hinc</span> <span class='ocrx_word' id='word_1_122' title='bbox 1268 2847 1472 2900; x_wconf 86' lang='lat' dir='ltr'>Baccho,</span> <span class='ocrx_word' id='word_1_123' title='bbox 1494 2844 1857 2904; x_wconf 87' lang='lat' dir='ltr'>muneribusque</span> <span class='ocrx_word' id='word_1_124' title='bbox 1879 2844 1979 2903; x_wconf 84' lang='lat' dir='ltr'>piis.</span> 
     </span>
     <span class='ocr_line' id='line_1_23' title="bbox 627 2941 1952 3014; baseline -0.013 -12"><span class='ocrx_word' id='word_1_125' title='bbox 627 2961 630 2963; x_wconf 74' lang='grc'>’</span> <span class='ocrx_word' id='word_1_126' title='bbox 712 2955 894 3014; x_wconf 82' lang='lat' dir='ltr'>Largus</span> <span class='ocrx_word' id='word_1_127' title='bbox 916 2952 968 2997; x_wconf 87' lang='lat' dir='ltr'>in</span> <span class='ocrx_word' id='word_1_128' title='bbox 990 2949 1166 3003; x_wconf 83' lang='lat' dir='ltr'>affines,</span> <span class='ocrx_word' id='word_1_129' title='bbox 1190 2946 1368 2993; x_wconf 83' lang='lat' dir='ltr'>multos</span> <span class='ocrx_word' id='word_1_130' title='bbox 1391 2945 1628 2992; x_wconf 86' lang='lat' dir='ltr'>celebrare</span> <span class='ocrx_word' id='word_1_131' title='bbox 1652 2941 1952 3002; x_wconf 85' lang='lat' dir='ltr'>Hymenaeos</span> 
     </span>
     <span class='ocr_line' id='line_1_24' title="bbox 777 3038 1637 3108; baseline -0.014 -11"><span class='ocrx_word' id='word_1_132' title='bbox 777 3049 998 3102; x_wconf 78' lang='lat' dir='ltr'>Edocuit,</span> <span class='ocrx_word' id='word_1_133' title='bbox 1022 3047 1179 3108; x_wconf 84' lang='lat' dir='ltr'>largus</span> <span class='ocrx_word' id='word_1_134' title='bbox 1201 3059 1411 3098; x_wconf 89' lang='lat' dir='ltr'>munere,</span> <span class='ocrx_word' id='word_1_135' title='bbox 1435 3038 1637 3089; x_wconf 88' lang='lat' dir='ltr'>confilio.</span> 
     </span>
     <span class='ocr_line' id='line_1_25' title="bbox 698 3135 1936 3206; baseline -0.014 -9"><span class='ocrx_word' id='word_1_136' title='bbox 698 3150 839 3206; x_wconf 84' lang='lat' dir='ltr'>Quod</span> <span class='ocrx_word' id='word_1_137' title='bbox 860 3149 1031 3194; x_wconf 89' lang='lat' dir='ltr'>mirere</span> <span class='ocrx_word' id='word_1_138' title='bbox 1052 3145 1215 3206; x_wconf 83' lang='lat' dir='ltr'>magis,</span> <span class='ocrx_word' id='word_1_139' title='bbox 1238 3140 1342 3204; x_wconf 89' lang='lat' dir='ltr'>post</span> <span class='ocrx_word' id='word_1_140' title='bbox 1364 3142 1530 3186; x_wconf 88' lang='lat' dir='ltr'>funera</span> <span class='ocrx_word' id='word_1_141' title='bbox 1551 3136 1770 3199; x_wconf 80' lang='lat' dir='ltr'>prospicit</span> <span class='ocrx_word' id='word_1_142' title='bbox 1795 3136 1868 3195; x_wconf 83' lang='lat' dir='ltr'>(ut</span> <span class='ocrx_word' id='word_1_143' title='bbox 1891 3135 1936 3180; x_wconf 89' lang='lat' dir='ltr'>se</span> 
     </span>
    </p>
   </div>
   <div class='ocr_carea' id='block_1_4' title="bbox 781 3233 1822 3304">
    <p class='ocr_par' dir='ltr' id='par_1_4' title="bbox 781 3233 1822 3304">
     <span class='ocr_line' id='line_1_26' title="bbox 781 3233 1822 3304; baseline -0.015 -9"><span class='ocrx_word' id='word_1_144' title='bbox 781 3245 1042 3294; x_wconf 82' lang='lat' dir='ltr'>Mortalem</span> <span class='ocrx_word' id='word_1_145' title='bbox 1064 3243 1216 3304; x_wconf 80' lang='lat' dir='ltr'>novit)</span> <span class='ocrx_word' id='word_1_146' title='bbox 1236 3240 1454 3301; x_wconf 87' lang='lat' dir='ltr'>linquere</span> <span class='ocrx_word' id='word_1_147' title='bbox 1476 3233 1602 3299; x_wconf 77' lang='lat' dir='ltr'>poss&#39;e</span> <span class='ocrx_word' id='word_1_148' title='bbox 1625 3249 1797 3297; x_wconf 86' lang='lat' dir='ltr'>parem.</span> <span class='ocrx_word' id='word_1_149' title='bbox 1818 3293 1822 3299; x_wconf 92' lang='lat'>.</span> 
     </span>
    </p>
   </div>
  </div>
 </body>
</html>
