2938 3762
587 473 607 514 1
618 473 645 515 2
1211 462 1541 511 HISTORIA
1576 461 1919 510 ABBATUM

1253 938 1468 984 KYNLos
1494 925 1887 984 UNDE⁴D101TUR

654 1138 790 1194 Qum
814 1136 1119 1199 Etymologia
1141 1151 1169 1183 a
1192 1134 1380 1196 Kynlos
1417 1131 1486 1181 est
1510 1135 1651 1188 varia,
1687 1139 1737 1180 et
1768 1148 1945 1179 nomen
1979 1130 2050 1180 est
2084 1132 2426 1193 Hybernicum‚
2463 1134 2561 1195 pla-

587 1240 687 1285 cuit
709 1238 787 1284 hic
808 1235 1061 1283 subtexere
1084 1234 1291 1298 diversas
1309 1235 1358 1280 in
1382 1234 1474 1280 hoc
1496 1233 1695 1295 negocio
1719 1230 2099 1294 significationes,
2134 1238 2191 1278 ut
2221 1232 2424 1279 liberum
2459 1235 2563 1280 uni-

589 1338 759 1396 cuique
782 1335 867 1383 fiat
889 1334 1109 1396 ampleffi
1133 1333 1259 1394 quod
1282 1332 1412 1379 velit.

655 1435 714 1481 In
747 1430 1068 1480 vetustiffimis
1107 1433 1248 1494 hujus
1282 1428 1566 1480 Monasterii
1600 1428 1797 1492 scriptis,
1839 1430 1930 1477 loci
1967 1445 2142 1477 nomen
2176 1431 2245 1476 ita
2278 1428 2563 1491 descriptum

588 1534 790 1595 legimus
808 1548 819 1579 z
855 1531 1066 1585 Chinlos,
1089 1531 1217 1591 quod
1238 1530 1434 1591 perinde
1452 1528 1581 1576 valet
1599 1528 1876 1591 Hybernice
1893 1545 1949 1577 ac
1967 1525 2001 1575 fi
2019 1530 2159 1583 dicae,
2179 1528 2563 1576 Promontorium

590 1630 875 1678 Herbosum.
943 1629 1139 1676 Alicubi
1162 1629 1379 1691 legimus,
1403 1627 1606 1689 Kynlos,
1629 1626 1711 1676 sed
1732 1627 1872 1683 male,
1895 1643 1981 1689 pro
2005 1626 2218 1689 Kynluss
2234 1628 2375 1682 forte,
2407 1628 2461 1674 id
2482 1624 2564 1681 est,

590 1731 760 1791 Capite
783 1729 978 1776 Herbae
1000 1730 1051 1775 in
1070 1743 1269 1776 numero
1287 1725 1523 1789 fingulari,
1543 1726 1689 1775 velin
1710 1726 1884 1788 plurali
1897 1726 2072 1775 melius
2087 1723 2377 1793 Kynlusche,
2396 1725 2567 1787 Capite

590 1828 877 1875 Herbarum.
946 1825 1130 1880 Postea,
1155 1825 1343 1876 deflexo
1369 1823 1446 1884 (ut
1468 1840 1555 1872 nos
1577 1826 1822 1887 putamus)
1847 1825 2042 1872 nomine
2064 1825 2241 1874 faaum
2275 1822 2357 1879 est,
2394 1824 2566 1879 Killos‚

590 1944 675 1989 pro
698 1925 882 1990 Killuss
903 1928 955 1973 in
977 1924 1215 1987 singulari,
1240 1924 1317 1971 vel
1341 1925 1390 1971 in
1425 1923 1598 1985 plurali
1633 1921 1894 1978 Killusche‚
1918 1925 1948 1970 i.
1970 1939 2015 1973 e.
2042 1921 2255 1973 Ecclesia
2277 1923 2566 1971 Herbarum.

594 2026 709 2072 Non
732 2023 915 2079 desunt,
940 2025 1022 2085 qui
1046 2025 1226 2078 dicunt,
1251 2022 1440 2076 Kilflos,
1476 2028 1526 2068 et
1561 2022 1848 2069 tantundem
1872 2021 2000 2069 valet
2024 2038 2080 2069 ac
2114 2022 2247 2068 locus
2282 2021 2482 2083 aquosus
2516 2023 2566 2068 in

592 2141 684 2185 quo
708 2122 1054 2171 subnascuntur
1075 2122 1251 2169 herbae
1273 2121 1493 2182 perpetui
1518 2121 1696 2169 viroris.

657 2223 717 2269 In
740 2223 863 2283 pedo
887 2222 1086 2275 abbatis,
1109 2220 1142 2267 J
1143 2220 1310 2268 oannis
1335 2219 1588 2274 Fluteriae,
1613 2218 1841 2266 inciditur
1862 2213 2051 2273 Kiulos,
2075 2217 2156 2266 sed
2175 2218 2341 2266 vitiose
2359 2225 2491 2279 puto,
2511 2219 2570 2264 ab

592 2322 773 2369 artifice
797 2322 879 2382 qui
902 2322 1142 2382 ignoraret
1164 2335 1226 2366 an
1248 2334 1334 2380 pro
1357 2335 1388 2365 n
1412 2318 1551 2365 litera
1573 2317 1788 2365 vocalem
1810 2333 1842 2364 u
1863 2316 2129 2379 subjiceret.
