2938 3762
981 480 1419 531 MONASTERII
1454 485 1502 532 A
1537 486 1837 536 KYNLOS.
2329 501 2386 546 79

422 611 471 655 in
509 610 695 671 Kynlos
735 611 923 672 adjecit,
961 614 1011 658 in
1050 628 1144 673 qua
1179 615 1238 659 ad
1278 621 1528 676 utramque
1567 624 1751 678 partem
1791 621 1885 666 duo
1925 621 2126 669 fumaria
2163 623 2390 671 fornicata

421 707 650 770 adposuit.
719 709 965 770 Coquinae
999 713 1182 758 accedit
1205 728 1328 759 unus
1351 720 1494 774 atque
1517 715 1640 761 alter
1661 717 1840 772 furnus,
1864 717 2125 779 pistrinum,
2151 726 2200 767 et
2224 722 2389 768 domus

421 808 572 854 altera
605 809 663 854 ad
699 809 878 855 farinae
902 807 1190 865 custodiam3
1225 813 1384 858 omnia
1407 829 1516 859 cum
1540 812 1719 869 solario,
1745 815 1952 876 ejusdem
1976 818 2184 866 Thomae
2206 820 2389 866 abbatis

420 905 642 968 impensis
666 905 989 955 decentiffime
1013 907 1260 957 exstn1&a.

487 1006 659 1067 Nuper
681 1008 827 1054 etiam
852 1007 1080 1070 transegit
1105 1010 1163 1055 de
1187 1007 1516 1057 constituendo
1539 1018 1685 1072 ponte
1707 1012 1846 1074 super
1882 1019 2092 1084 torrente
2126 1015 2315 1062 fluentis
2339 1024 2387 1062 et

421 1105 675 1152 defluentis
697 1108 853 1162 maris,
876 1108 1019 1168 juxta
1035 1114 1221 1168 portam
1245 1106 1527 1155 monasterii.
1597 1110 1833 1157 Parantur
1856 1113 2007 1158 indies
2030 1114 2089 1159 ad
2113 1129 2217 1160 eam
2242 1113 2388 1160 struc-

419 1212 577 1251 turam
612 1206 806 1267 lapides,
842 1213 892 1253 et
927 1213 1040 1253 ante
1073 1209 1344 1267 proximum
1384 1208 1562 1255 Pascha
1598 1210 1674 1268 (ut
1706 1209 1935 1272 speratur)
1972 1226 2048 1257 res
2078 1212 2219 1258 finem
2258 1214 2388 1258 adin—

419 1307 593 1351 veniet.

485 1405 582 1451 Sed
607 1405 802 1467 longum
827 1405 950 1450 forte
982 1402 1064 1458 est,
1091 1405 1217 1464 quod
1242 1405 1407 1451 damus
1428 1420 1439 1459 3
1481 1404 1668 1466 Operae
1690 1407 1907 1466 precium
1931 1407 2074 1453 fuerit
2099 1423 2218 1467 quae
2242 1410 2388 1469 magis

418 1505 477 1550 ad
501 1505 708 1549 hominis
731 1503 1069 1550 excellentiam
1092 1501 1319 1564 speffimnt,
1345 1503 1508 1564 paucis
1541 1503 1762 1549 indicare.
1831 1502 1911 1549 Sic
1935 1504 2084 1549 virtus
2108 1503 2205 1565 ipsa
2227 1505 2387 1566 ignota

418 1604 598 1658 multis,
622 1604 725 1664 jam
749 1610 894 1664 caput
917 1618 1111 1649 exerere
1136 1604 1345 1663 incipiet.
1414 1602 1490 1648 Ac
1514 1600 1748 1648 constabit
1766 1602 1991 1649 facillime
2025 1618 2165 1662 quam
2190 1618 2386 1663 magnus

418 1708 519 1748 erat
559 1702 750 1747 futurus
791 1702 1011 1747 dominus
1057 1701 1274 1754 Thomas,
1316 1698 1351 1745 fi
1393 1716 1449 1746 ea
1487 1701 1721 1760 cupiditas
1766 1701 1998 1746 honorum
2044 1716 2137 1760 qua
2174 1700 2385 1760 plerique

418 1807 647 1847 tenentur
668 1798 904 1846 insedisset
929 1801 1115 1854 animo;
1139 1801 1299 1851 immo,
1325 1804 1504 1859 quanto
1526 1799 1762 1844 maximus
1786 1795 1842 1844 fit
1861 1782 1941 1858 qui
1964 1798 2046 1844 illa
2069 1814 2189 1859 quae
2213 1802 2384 1845 caeteri

417 1902 665 1954 mirantur,
704 1905 959 1946 contentus
994 1898 1076 1944 sua
1109 1896 1246 1952 sorte,
1271 1896 1454 1958 semper
1475 1895 1715 1957 spreverit.
1784 1897 1956 1944 Voluit
1991 1897 2241 1944 Scotorum
2279 1898 2384 1943 Rex

416 2000 447 2045 J
451 2000 624 2046 acobus
659 1995 991 2044 illustriffimus
1015 1998 1116 2058 ejus
1139 1998 1345 2043 nominis
1369 2001 1576 2056 quartus,
1613 1997 1857 2042 dominum
1891 1996 2121 2042 Thomam
2144 1997 2194 2041 in
2216 1997 2385 2056 prima-

416 2101 540 2144 rium
562 2096 632 2144 sui
663 2096 871 2143 instituti
906 2097 1063 2143 locum
1098 2112 1182 2157 per
1217 2096 1408 2142 Scotiae
1442 2096 1733 2155 provinciam
1768 2093 2089 2141 transcribere.
2159 2094 2255 2140 Sed
2288 2110 2386 2139 mo-

418 2197 578 2245 destus
613 2203 662 2244 et
698 2197 893 2259 frugalis
922 2198 993 2242 vir
1027 2196 1198 2242 maluit
1233 2196 1460 2256 exiguum
1496 2200 1546 2239 et
1580 2192 1890 2252 tranquillum
1913 2191 1996 2238 sua
2019 2207 2160 2253 opera
2182 2189 2386 2238 exstruc-

416 2305 520 2343 tum
556 2298 714 2343 locum
738 2294 981 2358 poffidere,
1015 2310 1156 2355 quam
1192 2295 1347 2339 denuo
1383 2308 1490 2339 cum
1525 2290 1795 2338 adversariis
1829 2291 1992 2336 multis
2025 2292 2074 2336 in
2108 2287 2383 2350 ampliffimo

416 2414 443 2442 a
468 2395 672 2442 Melross
689 2393 972 2442 monasterio
997 2394 1225 2440 fluctuari.
1297 2392 1477 2438 Eadem
1500 2392 1697 2444 ratione,
1722 2389 1916 2435 alterius
1939 2385 2203 2449 ampliffimi
2226 2403 2385 2434 mona-

418 2495 544 2541 sterii
581 2511 609 2541 a
643 2494 903 2540 Dribrocht
942 2508 1143 2553 aequam
1183 2508 1211 2538 a
1246 2491 1480 2537 Formano
1520 2487 1860 2548 archipraesule
1895 2493 1943 2533 et
1979 2486 2167 2532 Scotiae
2203 2486 2383 2547 Legato

417 2596 578 2640 datam
610 2594 946 2646 conditionem,
971 2580 1216 2652 neglexits
1261 2589 1368 2635 Nec
1391 2587 1710 2649 episcopatum
1746 2583 1930 2631 Roffiae
1963 2586 2106 2631 toties
2139 2585 2199 2631 ab
2233 2586 2382 2630 amico

415 2692 629 2754 praesule
652 2693 844 2738 domino
880 2691 1094 2736 Roberto
1128 2688 1386 2734 Cokbume
1420 2686 1646 2738 oblatum,
1683 2699 1891 2744 unquam
1926 2683 1999 2742 (ut
2034 2684 2190 2728 exitus
2222 2680 2382 2742 postea

415 2794 595 2852 docuit)
620 2792 780 2852 magni
805 2789 932 2836 fecit.

482 2889 606 2937 Usus
653 2886 722 2935 est
766 2894 1012 2949 praeterea
1056 2884 1126 2932 sui
1172 2885 1348 2930 ordinis
1393 2883 1682 2930 authoritate
1728 2879 1920 2933 summa,
1968 2880 2026 2924 ad
2067 2874 2378 2923 visitationem

416 2991 578 3051 (quam
597 2990 788 3048 vocant)
824 3002 910 3047 per
944 2983 1208 3032 universam
1238 2982 1428 3029 Scotiae
1451 2980 1752 3042 provinciam.
1821 2977 1986 3037 Atque
2010 2992 2070 3022 ex
2094 2975 2259 3028 offici0,
2283 2974 2379 3020 sae-

416 3088 628 3151 piuscule
650 3083 932 3133 monasteria
955 3101 983 3131 a
1001 3083 1146 3129 Deire
1162 3089 1211 3128 et
1230 3078 1419 3127 Culross
1436 3081 1486 3125 in
1507 3077 1600 3123 suis
1624 3076 1900 3123 ceremoniis
1924 3072 2137 3134 collapsa,
2156 3070 2377 3118 restituit.

417 3190 691 3250 Imperante
726 3186 872 3232 etiam
906 3183 938 3229 J
941 3183 1087 3229 acobo
1125 3186 1307 3241 quarto,
1343 3185 1393 3224 et
1427 3177 1716 3224 authoritate
1750 3175 1924 3220 ordinis
1958 3188 2051 3232 qua
2083 3173 2134 3217 in
2168 3186 2224 3217 ea
2246 3176 2378 3230 parte

416 3287 716 3349 fungebatur,
757 3284 978 3331 abbatem
1016 3297 1044 3327 a
1078 3278 1281 3326 Melross
1322 3277 1566 3323 d‘dminum
1607 3272 1901 3321 Gulielmum
1941 3251 2188 3317 Trumbull
2226 3269 2375 3314 virum
