2938 3762
581 1126 974 1170 REVERENDO
998 1126 1069 1169 IN
1093 1126 1365 1169 CHRISTO
1388 1127 1596 1178 PATRI,
1625 1126 1877 1170 DOMINO
1899 1128 2169 1172 THOMAE
2191 1130 2369 1172 cRYs-

577 1218 783 1260 TALLO
818 1217 1056 1259 ABBATI
1099 1217 1496 1260 MONASTERII
1534 1218 1575 1259 A
1612 1217 1868 1260 KYNLos
1903 1218 2365 1262 CISTEROIENSIS

580 1307 914 1349 INSTITUTI
948 1307 1251 1349 PATRONO
1282 1307 1400 1349 SUO
1430 1307 1791 1359 SINGULARI,
1823 1308 2108 1352 JOANNES
2138 1308 2365 1351 FERRE-

580 1397 726 1439 RIUS
756 1397 1300 1440 PEDEMONTANUS.
1361 1398 1402 1439 S.
1436 1398 1485 1439 P.
1514 1398 1570 1439 D.

469 1585 647 1632 VETUS
665 1585 964 1641 consuetudo,
992 1587 1271 1633 Reverende
1290 1585 1510 1641 Domine,
1528 1602 1557 1633 a
1572 1586 1732 1648 priscis
1749 1592 1799 1632 et
1818 1587 2019 1633 ethnicis
2036 1588 2146 1634 viris
2163 1589 2366 1648 repetita

403 1699 458 1730 ac
493 1681 621 1744 quafi
655 1686 832 1730 tradita
864 1700 949 1745 per
975 1700 1144 1731 manus
1167 1686 1217 1731 in
1240 1682 1446 1731 nostram
1479 1683 1627 1745 usque
1659 1690 1866 1732 aetatem
1901 1687 2123 1740 derivata,
2158 1687 2364 1733 obtinuit

402 1788 458 1827 ut
481 1782 705 1828 Calendis
738 1782 771 1829 J
773 1784 978 1829 anuariis
1005 1783 1125 1830 alius
1155 1783 1315 1837 alium,
1340 1783 1490 1829 veluti
1522 1782 1712 1843 publico
1745 1781 2028 1843 salutarique
2061 1783 2261 1845 auspicio
2295 1787 2365 1830 in-

402 1883 638 1940 ceptantis
661 1883 786 1936 anni,
821 1878 978 1928 strena
1011 1883 1257 1941 amicoque
1292 1882 1484 1928 donario
1518 1879 1799 1927 honestaret.
1868 1880 1925 1926 Id
1948 1897 2057 1927 cum
2079 1881 2364 1943 saepiuscule

401 1985 514 2025 ante
538 1995 712 2040 paucos
735 1980 835 2026 dies
859 1981 909 2025 in
937 1981 1095 2026 animo
1119 1979 1383 2026 volutarem
1406 1994 1527 2034 meo,
1563 1984 1612 2024 et
1635 1985 1768 2025 tuam
1791 1993 1901 2039 erga
1923 1994 1999 2025 me
2021 1980 2363 2041 benignitatem

401 2079 754 2124 circumferrem
778 2080 828 2123 in
851 2080 1040 2139 pectore
1075 2078 1330 2139 effigiatam
1362 2083 1620 2138 perpetum
1655 2077 1841 2124 decrevi
1863 2079 2058 2123 tandem
2081 2077 2115 2123 fi
2138 2094 2231 2139 qua
2263 2086 2364 2126 arte

399 2174 579 2237 poffim,
605 2192 701 2223 non
724 2177 830 2223 dico
852 2191 931 2223 me
948 2192 1056 2223 aere
1074 2182 1158 2222 tuo
1176 2173 1449 2221 obstrictum
1466 2174 1710 2229 resolvere,
1733 2173 1898 2221 saltem
1917 2174 2192 2222 munusculo
2209 2177 2363 2237 aliquo

401 2277 632 2322 litterario
673 2275 807 2336 (quid
841 2276 971 2322 aliud
1005 2290 1176 2336 queam
1193 2274 1231 2336 2)
1265 2276 1357 2320 mei
1399 2275 1545 2320 animi
1579 2288 1691 2334 erga
1722 2279 1773 2319 te
1807 2274 2056 2320 candorem
2091 2272 2360 2337 significare.

402 2374 510 2420 Nec
543 2373 652 2420 satis
687 2375 976 2428 occurrebat,
1012 2374 1126 2433 quid
1159 2373 1364 2433 primum
1387 2372 1666 2433 aggrederer
1687 2377 1799 2417 tuae
1821 2371 2040 2433 dignitati
2063 2371 2359 2433 aptiffimum,

401 2481 450 2519 et
475 2475 593 2519 meis
616 2471 877 2519 studiorum
911 2473 1149 2519 laboribus
1182 2471 1491 2517 honorificum
1527 2485 1726 2530 quoque.
1795 2468 1854 2515 In
1886 2470 2048 2530 primis
2082 2471 2230 2517 virtus
2263 2478 2360 2526 tua,

401 2587 511 2618 cum
534 2573 583 2617 in
606 2572 802 2632 privatis
826 2577 931 2617 tum
953 2571 1154 2632 publicis
1188 2570 1397 2631 negociis
1429 2566 1720 2629 praecellens
1752 2568 1971 2621 maxime,
2007 2567 2282 2615 hortabatur
2303 2576 2359 2615 ut
2444 2593 2446 2595 ·

400 2672 523 2716 vires
556 2670 856 2716 intenderem
889 2670 940 2714 in
973 2684 1024 2714 re
1058 2669 1278 2728 quapiam
1311 2667 1551 2728 graviore3
1591 2662 1676 2710 nifi
1709 2666 1934 2725 temporis
1967 2664 2206 2727 angustiae
2243 2668 2358 2713 mihi

399 2770 594 2815 modum
619 2766 903 2814 indixissent.
953 2766 1033 2813 Ita
1047 2782 1236 2812 mecum
1254 2766 1544 2827 reputabam,
1569 2765 1650 2824 qui
1668 2763 1784 2809 velit
1806 2769 1995 2809 tantum
2017 2767 2168 2824 operis
2191 2765 2356 2820 moliri,

400 2883 510 2913 eum
534 2882 630 2911 non
652 2864 802 2911 solum
825 2866 991 2927 grandi
1015 2865 1130 2918 oci0,
1154 2862 1233 2909 sed
1250 2863 1475 2923 temporis
1492 2860 1646 2922 spacio
1663 2861 1872 2923 longiore
1889 2863 1960 2907 uti
1978 2869 2218 2922 oportere3
2242 2865 2358 2910 mihi

400 2981 511 3011 vero
556 2964 842 3017 incumbere,
888 2969 945 3009 ut
989 2967 1359 3022 extemporaneo
1408 2960 1563 3020 aliquo
1609 2957 1897 3013 munusculo,
1945 2964 2076 3005 tuam
2127 2975 2237 3022 erga
2279 2976 2357 3008 me

399 3063 737 3110 liberalitatem
760 3063 973 3122 ignotam
996 3059 1160 3105 multis
1185 3057 1264 3117 (ne
1288 3059 1410 3104 forte
1432 3059 1577 3103 nimio
1600 3055 1797 3112 filentio,
1821 3058 2172 3119 ingratitudinis
2193 3065 2356 3107 notam

398 3162 707 3222 incurrerem)
739 3175 866 3205 nune
888 3155 1232 3204 testatiffimam
1264 3157 1481 3203 facerem.
1550 3154 1755 3201 Dabitur
1788 3154 1903 3201 alias
1937 3157 2273 3216 opportunitas,
2302 3163 2357 3203 ut

399 3261 575 3319 majore
598 3258 762 3320 spiritu
786 3264 893 3305 tuas
916 3272 970 3304 ac
993 3256 1174 3303 alumni
1199 3255 1271 3301 tui
1295 3253 1496 3300 Roberti
1531 3253 1715 3300 abbatis
1738 3253 1938 3299 virtutes
1972 3251 2281 3315 ampliffimas,
2306 3256 2355 3301 in
