2938 3762
971 446 1030 492 M
1033 446 1408 496 ONASTERII
1442 451 1490 497 A
1525 452 1822 504 KYNLOS.
2312 474 2364 514 15

414 571 570 617 cundo
593 587 690 620 non
711 573 874 622 malas.
943 575 1009 623 Et
1032 582 1088 623 ut
1121 581 1283 638 paucis
1316 579 1564 637 absolvam,
1589 586 1799 631 omnium
1822 584 2118 636 affidentium
2144 595 2363 643 consensu

412 669 472 715 ab
502 670 596 717 illis
632 671 931 719 colleaaneis
952 672 1176 721 seleaum
1213 674 1281 722 est
1307 677 1387 737 jus
1420 681 1704 742 municipale
1740 683 1857 730 illud
1893 702 1946 732 ac
1983 691 2199 748 patrium,
2224 696 2346 752 quod

412 768 560 814 etiam
583 784 712 816 nunc
735 770 878 832 vulgo
903 770 1105 833 Regiam
1131 771 1435 834 MaJestatem
1458 777 1635 824 dicunt.

476 865 537 911 In
561 866 813 929 Religione
835 884 946 916 vero
980 868 1320 927 constituenda,
1345 874 1462 920 adeo
1494 873 1673 923 solicite
1710 879 1807 939 egit
1831 879 1937 926 Rex
1972 881 2140 940 David,
2170 894 2223 933 ut
2259 905 2351 935 non

409 962 561 1010 solum
584 966 784 1027 majores
801 965 907 1014 suos
921 974 1230 1024 antevertere,
1250 969 1330 1018 sed
1347 974 1492 1018 etiam
1511 974 1731 1034 exemplo
1746 976 2017 1026 inimitabili
2035 980 2355 1041 posteritatem

407 1063 626 1110 evincere
659 1066 965 1126 concupierit.
1034 1067 1259 1128 Undique
1294 1068 1527 1116 accersitis
1560 1071 1828 1127 artificibuS‚
1866 1091 2005 1136 opere
2039 1080 2177 1139 plane
2201 1082 2351 1146 Regio

408 1160 651 1208 Coenobia
674 1165 956 1222 quindecim,
980 1167 1154 1225 partim
1176 1167 1227 1212 in
1250 1169 1383 1228 regni
1407 1169 1555 1222 initio,
1573 1170 1745 1228 partim
1771 1172 1851 1217 ubi
1875 1173 1972 1219 bel-

406 1257 508 1304 lum
523 1260 649 1318 quod
664 1276 773 1306 cum
788 1259 962 1322 Anglis
975 1259 1111 1323 geffit
1125 1261 1339 1309 sedatum
1354 1265 1457 1318 fuit,
1466 1266 1968 1329 extruxit‚magnisque
2035 1298 2094 1336 Ita
2112 1307 2275 1338 recenset
2299 1301 2353 1338 Μ·

405 1357 590 1403 dotavit
612 1359 889 1413 redditibus,
905 1365 1010 1405 tum
1033 1358 1365 1416 ecclefiasticis,
1380 1367 1485 1408 tum
1508 1363 1711 1408 urbanis·
1769 1363 1842 1410 Ea
1858 1381 1966 1412 vero
2034 1383 2354 1424 HectorBoethius

403 1455 522 1501 haec
554 1453 676 1509 sunt,
712 1456 868 1511 Calco,
910 1457 942 1503 J
946 1458 1195 1520 edburgus,
1238 1459 1431 1514 Melros,
1474 1459 1753 1514 Neubottle,
1795 1461 1969 1508 Halur-
2032 1467 2095 1507 lib.
2111 1472 2169 1507 12.
2188 1470 2283 1508 Hist.

403 1551 616 1609 castrain,
642 1554 949 1610 Dundranen‚
976 1556 1177 1603 San&ae
1200 1557 1365 1604 Crucis
1387 1556 1734 1613 monasterium,
1759 1560 1965 1620 Campus
2031 1567 2187 1592 suarum.

404 1651 669 1708 Kennethi,
694 1652 866 1708 KiHos,
893 1654 1237 1710 Dounfermile,
1263 1656 1441 1702 Holme
1474 1658 1524 1701 in
1547 1655 1787 1710 Cumbria,
1803 1654 1971 1703 Vesta-

401 1751 629 1810 liumque·
647 1750 929 1798 monasteria
961 1753 1067 1807 duo,
1103 1769 1252 1798 unum
1289 1754 1349 1799 ad
1383 1753 1541 1808 Carlil,
1579 1755 1636 1800 ad
1668 1754 1923 1801 Beruicum
1959 1754 2173 1800 alterum.
2242 1754 2349 1800 Duo

401 1851 519 1895 item
543 1849 784 1896 Coenobia
801 1851 861 1896 ad
886 1849 1082 1896 Novum
1100 1849 1329 1905 Castrum,
1354 1866 1504 1897 unum
1522 1848 2062 1905 Praemonstratenfium,
2082 1858 2131 1898 et
2149 1853 2349 1898 alterum

402 1948 618 2010 Regulae
653 1949 752 1994 diui
787 1948 1035 1994 Benedicti
1074 1947 1392 2009 profefl'orum.
1461 1949 1679 2004 Quatuor
1712 1965 1898 2009 quoque
1931 1965 2076 1995 novos
2109 1947 2350 1995 constituit

401 2045 656 2108 episcopos,
673 2045 959 2101 Roffensem,
975 2045 1355 2101 Brechinensem,
1373 2045 1805 2101 Dounkeldensem‚
1825 2053 1874 2093 et
1893 2044 2348 2100 Dounblaneensem,

400 2143 782 2206 ampliffimisque
821 2145 1053 2191 reditibus
1093 2144 1414 2205 locupletavit.
1484 2145 1718 2200 Quintum
1752 2160 1812 2192 ex
1850 2141 2202 2198 Murthlacenfi‚
2237 2144 2350 2190 fecit

399 2243 806 2290 Aberdonensem.

465 2342 563 2388 Sed
584 2343 658 2388 his
682 2339 919 2395 ommiffis,
944 2343 1004 2388 ad
1038 2340 1312 2402 Kynlusche
1346 2347 1568 2387 revertor.
1638 2341 1744 2387 Rex
1779 2342 1922 2402 igitur
1957 2341 2110 2386 David
2135 2356 2239 2386 cum
2264 2355 2347 2400 per

399 2438 691 2488 occasionem
714 2442 764 2486 in
788 2439 1057 2487 Moraviam
1082 2437 1277 2486 venifl'et
1307 2445 1356 2485 et
1380 2439 1456 2485 die
1478 2440 1680 2499 quadam
1704 2455 1764 2484 ex
1786 2454 1916 2484 more
1931 2453 2039 2484 cum
2062 2437 2240 2497 aliquot
2263 2452 2345 2482 no-

399 2540 574 2586 bilibus
599 2539 811 2586 Moravis
843 2537 1017 2598 suaque
1048 2538 1226 2584 familia
1248 2539 1298 2582 in
1333 2543 1556 2583 venatum
1591 2538 1693 2591 iret,
1728 2534 1829 2596 post
1862 2536 2051 2597 longam
2081 2536 2227 2581 totius
2250 2535 2343 2580 diei

398 2639 764 2694 delafl'ationem,
783 2656 837 2686 ac
855 2638 1161 2700 procurrendi
1192 2638 1426 2696 impetum
1449 2636 1499 2680 in
1514 2635 1634 2680 feras
1651 2634 1753 2680 aliis
1770 2634 1862 2680 alio
1879 2633 2204 2686 inerrantibus,
2221 2630 2343 2677 solus

396 2741 547 2786 fa&us
571 2736 640 2784 est
662 2739 711 2783 in
735 2737 863 2799 sylva
885 2732 1235 2796 impeditiffima
1257 2739 1307 2780 et
1330 2735 1469 2779 invia.
1538 2731 1614 2779 Ac
1633 2740 1914 2793 properante
1935 2732 1992 2777 ad
2011 2728 2220 2777 occasum
2233 2728 2341 2783 sole,

397 2852 506 2883 cum
547 2837 766 2895 nequiret
799 2835 971 2895 pedem
1005 2833 1179 2879 referre
1210 2832 1268 2878 ab
1304 2830 1522 2877 omnibus
1555 2828 1820 2883 destitutus,
1844 2833 2059 2889 precatus
2081 2824 2150 2873 est
2182 2825 2341 2873 Deum

397 2935 511 2996 Opt.
538 2934 672 2980 Max.
698 2939 753 2979 ut
777 2931 881 2979 suos
905 2933 1127 2993 dirigeret
1151 2900 1419 2991 progreffuS,
1444 2928 1716 2989 semperque
1750 2928 1799 2974 in
1821 2926 2052 2972 anteriora
2084 2925 2339 2986 procedens

395 3036 584 3080 niveam
618 3037 899 3093 praeuntem
934 3029 1202 3076 columbam
1235 3025 1614 3086 subsequebatur.
1682 3023 1760 3070 Ita
1791 3038 1874 3083 per
1902 3023 2052 3068 varios
2083 3020 2237 3083 sylvae
2258 3036 2340 3068 an-

396 3134 569 3179 fraaus
592 3131 706 3177 illuc
730 3130 924 3176 tandem
947 3132 1229 3188 perventum
1253 3123 1335 3179 est,
1359 3125 1440 3170 ubi
1463 3138 1589 3169 nunc
1611 3120 1844 3181 templum
1862 3136 1890 3166 a
1912 3118 2155 3181 Kynlusch
2176 3116 2336 3180 postea

395 3228 705 3276 constitutum
747 3227 972 3272 videmus.
1043 3224 1158 3270 Erat
1197 3223 1319 3268 forte
1364 3227 1467 3267 tum
1498 3221 1548 3266 in
1585 3219 1755 3265 virenti
1793 3223 1928 3279 prato
1967 3217 2103 3264 arbor
2140 3214 2237 3271 fita,
2273 3217 2332 3263 ad
