2938 3762
997 470 1435 522 MONASTERII
1469 476 1516 523 A
1554 477 1850 528 KYNLOS.
2343 492 2402 540 47

438 597 534 643 bris
585 601 711 649 1537
756 597 902 660 usque
946 602 1007 648 ad
1040 602 1267 651 ultimum
1312 605 1511 663 Martii;
1553 625 1608 656 ac
1643 610 1807 658 Idibus
1847 611 2028 668 Martii,
2069 615 2119 660 in
2158 615 2338 677 templo
2377 634 2403 663 a

435 694 678 757 Kynloffe,
714 697 762 744 se
794 697 1073 747 sanfflffimo
1107 717 1299 764 corpore
1333 710 1383 751 et
1416 705 1641 768 sanguine
1675 709 1870 757 Domini
1908 709 2052 758 nostri
2085 711 2118 758 J
2119 712 2199 760 esu
2233 713 2404 761 Christi

434 797 668 851 munivit;
725 794 942 844 fimiliter
964 798 1033 846 est
1057 800 1163 847 oleo
1197 803 1491 850 infirmorum
1515 812 1565 852 et
1588 805 1758 862 saneim,
1793 810 1936 856 tertio
1970 810 2190 858 calendas
2222 811 2402 874 Aprilis

434 894 708 950 delibutus;
743 894 929 957 postera
951 914 1062 945 vero
1086 899 1194 947 luce
1217 903 1436 964 migravit
1459 905 1519 950 ad
1543 904 1816 953 Dominum.

501 993 611 1040 Hoc
634 1011 759 1041 anno
787 1000 910 1043 1538
936 1000 1153 1046 extruxit
1176 999 1502 1062 ampliflimam
1526 1004 1861 1053 bibliothecam
1892 1006 2205 1056 testudinibus
2239 1016 2400 1057 tamen

435 1094 672 1139 munitam
718 1101 883 1142 contra
928 1097 1101 1158 ignem,
1149 1100 1231 1145 ubi
1276 1102 1482 1161 primum
1526 1103 1681 1150 fuerat
1721 1105 2148 1154 deambulatorium
2193 1108 2400 1155 'rhomae

435 1190 670 1254 Chrystall
704 1195 919 1242 abbatis:
955 1212 1009 1243 ac
1044 1199 1279 1259 templum
1313 1216 1341 1246 a
1375 1200 1561 1262 Kynlos
1584 1218 1668 1263 per
1691 1213 1854 1250 omnes
1887 1204 1991 1252 suas
2022 1213 2179 1267 partes
2205 1208 2398 1268 plumbo

433 1293 661 1353 contegit.
731 1293 910 1340 Contra
933 1296 1179 1342 dominum
1202 1313 1230 1343 a
1254 1297 1481 1359 Fynlater
1502 1301 1694 1347 nomine
1729 1301 1985 1363 Ogylvium
2016 1304 2101 1350 lite
2124 1320 2265 1365 quam
2288 1313 2399 1352 ante

433 1405 582 1435 annos
606 1389 852 1453 sexaginta
875 1400 1100 1454 ceperant
1139 1396 1335 1442 abbates
1369 1413 1397 1443 a
1431 1396 1618 1458 Kynlos
1652 1400 1711 1445 de
1746 1401 1947 1460 quodam
1982 1417 2093 1463 agro
2125 1404 2175 1448 in
2209 1404 2400 1450 baronia

435 1488 647 1551 Strahily
682 1507 833 1552 nuper
856 1493 983 1539 vicit.
1054 1494 1178 1540 Cum
1211 1497 1490 1543 vicecomite
1515 1497 1761 1544 Moraviae
1784 1514 1911 1546 nunc
1934 1501 2094 1548 abbati
2127 1517 2202 1548 res
2236 1501 2305 1548 est
2340 1504 2398 1548 de

432 1587 698 1645 salmonum
715 1589 1065 1651 piscationibUS,
1082 1576 1140 1640 vet
1159 1596 1401 1641 viaefftoriam
1418 1597 1468 1642 in
1486 1612 1537 1643 re
1554 1599 1740 1658 propria
1758 1604 1807 1644 et
1824 1614 1973 1658 aequa
1982 1600 2178 1661 jamjam
2194 1598 2398 1661 praesto-

434 1687 573 1733 latur.
623 1688 840 1750 Suscepit
863 1692 912 1736 in
931 1693 1267 1739 monachatum
1287 1695 1404 1740 duos
1419 1695 1635 1755 juvenes,
1661 1712 1783 1742 anno
1811 1701 1933 1743 1538
1952 1714 2102 1744 unum
2125 1701 2201 1746 cui
2223 1714 2397 1745 nomen

434 1785 504 1832 est
545 1788 724 1834 domini
759 1789 957 1836 Davidis
998 1791 1203 1846 Laurok,
1242 1799 1291 1838 et
1325 1793 1529 1840 alterum
1569 1796 1646 1841 cui
1677 1795 1854 1841 domini
1888 1795 2215 1843 Archimbaldi
2251 1797 2393 1843 Bradi

438 1891 576 1942 1539,
610 1888 773 1934 ambos
797 1890 846 1934 in
882 1889 1030 1936 Maio.
1069 1890 1209 1936 Anno
1238 1895 1376 1946 1538,
1412 1894 1538 1938 idem
1573 1871 1791 1940 dominus
1825 1894 2063 1941 Robertus
2097 1895 2219 1942 Reid
2252 1896 2395 1942 abbas

432 1987 716 2047 particulam
757 1989 994 2048 quandam
1034 1996 1266 2036 terrarum
1302 1992 1351 2037 in
1389 1991 1599 2053 Strahily
1638 2008 1778 2053 quam
1815 1995 2076 2054 occupabat
2121 1993 2395 2040 Alexander

435 2084 668 2146 Ogylvius
691 2102 719 2133 a
738 2086 966 2147 Fynlater
979 2088 1082 2148 jam
1099 2094 1212 2134 ante
1229 2089 1406 2135 multos
1421 2105 1581 2145 annos,
1606 2088 1708 2151 post
1726 2092 1875 2138 varias
1891 2092 2012 2152 juris
2035 2068 2395 2152 disceptationes

433 2200 592 2231 coram
629 2186 832 2231 dominis
873 2186 1176 2247 parliamenti
1211 2192 1260 2232 et
1295 2186 1441 2249 Rege,
1479 2190 1671 2235 tandem
1706 2191 2012 2250 recuperavit.
2076 2190 2262 2237 Deinde
2286 2205 2393 2236 cum

434 2284 712 2330 Alexandro
729 2283 947 2330 Dumbar
961 2286 1240 2332 vicecomite
1259 2285 1506 2333 Moraviae
1524 2293 1574 2333 et
1593 2285 1872 2334 Forensibus
1888 2289 1946 2334 de
1963 2289 2095 2349 aquis
2114 2304 2142 2335 a
2160 2289 2393 2334 Finderne

433 2385 502 2429 ita
525 2384 623 2445 egit
647 2388 702 2429 ut
725 2389 929 2443 quatuor
961 2399 1109 2430 annos
1144 2390 1271 2430 totos
1295 2382 1379 2431 fibi
1403 2391 1453 2431 et
1475 2384 1756 2432 monasterio
1790 2383 2083 2446 acquisiverit
2115 2385 2391 2447 piscationes

434 2484 494 2528 ob
540 2488 696 2529 errata
739 2482 930 2528 illorum
975 2481 1194 2529 adversus
1239 2481 1514 2529 servitutem
1547 2499 1689 2544 quam
1724 2485 1960 2530 debebant
2004 2482 2297 2538 monasterio,
2337 2499 2391 2530 ac

369 2648 372 2652 ⁴
433 2580 670 2643 postremo
693 2582 812 2635 illos,
837 2587 893 2627 ut
916 2581 1050 2627 novis
1074 2582 1423 2628 conditionibus
1446 2582 1642 2628 feudum
1659 2581 1968 2643 piscationum
1991 2599 2020 2629 a
2041 2582 2088 2629 se
2111 2583 2388 2643 acciperent,

433 2681 615 2727 summo
634 2687 683 2727 et
701 2682 828 2727 re&o
844 2682 953 2741 jure
971 2681 1142 2742 coegit.
1194 2679 1378 2726 Eodem
1396 2696 1582 2741 quoque
1601 2686 1815 2742 tempore
1834 2680 2128 2728 Gulielmum
2147 2681 2388 2742 Urquhart

433 2781 786 2842 periclitantem
827 2782 877 2825 in
910 2780 1178 2826 hereditate
1213 2779 1294 2826 sua
1326 2795 1411 2840 per
1445 2781 1649 2826 eundem
1683 2781 2010 2826 vicecomitem
2041 2779 2285 2826 Moraviae
2323 2781 2391 2825 ita

426 2881 569 2940 juvit,
593 2885 648 2925 ut
672 2876 730 2926 s1t
754 2880 1019 2926 vicecomes
1041 2877 1124 2925 sua
1142 2880 1362 2940 opinione
1386 2877 1646 2934 frustratus,
1672 2884 1722 2925 et
1741 2878 2007 2926 Gulielmus
2028 2877 2109 2924 suo
2123 2879 2245 2938 jure,
2269 2894 2391 2924 nova

434 2979 638 3039 quadam
661 2994 746 3039 per
768 2979 919 3040 regias
942 2978 1105 3024 literas
1127 2975 1292 3032 sazina,
1328 2977 1378 3023 in
1411 2978 1651 3038 integrum
1681 2974 1938 3023 restitutus.
2008 2975 2199 3023 Interea
2225 2977 2275 3022 in
2308 2975 2389 3021 suo

432 3075 714 3124 monasterio
733 3077 892 3123 locum
908 3075 1061 3137 ipsum
1077 3077 1269 3137 optimis
1293 3074 1534 3122 stru&uris
1557 3076 1625 3122 ita
1647 3076 1894 3121 exornavit
1916 3080 1971 3121 ut
1993 3073 2096 3135 post
2119 3074 2390 3120 fundatores

435 3176 592 3238 Reges
616 3176 775 3222 nullus
798 3190 1008 3236 unquam
1039 3171 1439 3235 praedecefforum
1464 3179 1600 3219 tanta
1623 3178 1672 3218 et
1695 3173 1809 3219 talia
1835 3173 1963 3219 fecit.
2030 3172 2190 3218 Primo
2213 3172 2390 3218 colum-

433 3276 545 3322 bare
580 3272 912 3336 ampliflimum
937 3279 986 3320 et
1010 3269 1308 3320 fortiffimum
1332 3272 1381 3317 in
1404 3286 1585 3317 morem
1618 3270 1871 3332 pyramidis
1895 3267 2185 3324 construxit;
2221 3270 2388 3316 deinde
