2938 3762
980 483 1418 533 MONASTERII
1452 487 1500 534 A
1535 488 1833 537 KYNLOS.
2323 502 2380 547 75

422 607 567 654 Anno
601 617 848 671 praeterea
870 628 899 659 a
922 628 1060 660 verae
1086 615 1280 676 pietatis
1315 617 1452 663 initio
1486 618 1735 666 millefimo
1769 620 2145 684 quingentefimo
2168 622 2383 672 vicesimo

421 723 560 763 non0,
576 710 627 755 in
642 711 852 758 exhedra
869 712 1210 759 monachorum
1224 715 1274 760 in
1288 716 1469 777 templo
1486 716 1619 776 (trito
1634 717 1744 766 satis
1761 722 1952 767 nomine
1971 722 2165 768 chorum
2180 727 2383 784 vocant),

419 806 638 855 subsellia
659 808 835 856 affabre
858 809 1042 871 sculpta
1065 827 1175 858 cum
1202 811 1355 859 hostio
1377 813 1543 875 posuit,
1568 823 1618 863 et
1646 819 1870 879 utrinque
1892 818 2189 867 sacratiorem
2217 822 2384 883 templi

420 912 607 965 partem
632 907 855 954 cancellis
879 910 939 955 ad
962 911 1214 957 arcendam
1237 912 1426 972 plebem
1450 915 1500 958 in
1522 915 1718 976 adytum
1741 918 2032 978 irrumpente
2056 919 2336 967 obfirmavit.

488 1004 684 1052 Memor
707 1008 852 1053 etiam
888 1008 1159 1069 fragilitatis
1182 1011 1431 1066 humanae,
1467 1019 1524 1058 ut
1557 1014 1669 1059 boni
1692 1013 1887 1075 pastoris
1911 1017 2183 1077 exemplum
2210 1017 2385 1065 succes-

420 1103 602 1151 soribus
641 1105 946 1167 relinqueret,
984 1114 1033 1154 et
1056 1124 1165 1158 non
1200 1110 1259 1155 ad
1294 1112 1576 1170 captandam
1609 1112 1820 1174 gloriam,
1855 1112 2152 1175 sepulchrum
2174 1113 2259 1162 fibi
2283 1115 2381 1177 ipsi,

420 1205 549 1250 inter
572 1205 688 1251 duas
705 1204 864 1252 sacelli
885 1206 1039 1254 Divae
1062 1207 1236 1254 Matris
1260 1209 1517 1265 columnas,
1542 1210 1698 1272 lapide
1716 1213 1945 1272 quadrato
1963 1214 2012 1259 in
2031 1214 2183 1260 altum
2208 1217 2385 1262 excita-

422 1305 506 1349 vit.
578 1304 686 1351 Nec
715 1306 869 1351 defuit
906 1306 978 1352 illi
1013 1322 1157 1367 quem
1190 1308 1241 1353 in
1273 1308 1363 1355 hac
1397 1315 1532 1369 parte
1559 1307 1834 1369 sequeretur
1867 1312 2051 1366 author,
2075 1313 2146 1358 vir
2179 1314 2385 1373 optimus

420 1403 566 1449 abbas
612 1403 644 1449 J
648 1419 825 1450 oannes
872 1404 1044 1459 Ellem,
1103 1407 1183 1465 qui
1228 1406 1442 1453 tabulam
1486 1408 1902 1468 incomparabilem
1945 1410 2133 1470 majoris
2189 1425 2295 1457 arae
2338 1413 2387 1457 in

421 1502 611 1563 Kynlos
634 1502 717 1549 suo
741 1519 849 1550 aere
872 1504 1168 1564 adportavit3
1203 1505 1243 1550 is
1278 1505 1436 1560 etiam,
1463 1503 1722 1552 constituto
1751 1504 1835 1553 fibi
1868 1507 2126 1569 sepulchro,
2161 1510 2210 1554 in
2235 1508 2386 1555 Divae

422 1602 598 1649 Matris
621 1601 793 1649 sacello
816 1603 875 1649 ad
898 1600 1109 1650 austrum
1132 1602 1343 1664 sepultus
1359 1604 1502 1664 jacet.

487 1700 549 1746 In
583 1708 916 1748 ornamentum
944 1717 1055 1748 vero
1079 1701 1393 1749 sacrificorum
1437 1704 1654 1750 dominus
1688 1704 1890 1752 Thomas
1913 1721 1972 1752 ex
1997 1721 2109 1752 auro
2143 1705 2302 1751 textili
2336 1712 2385 1752 et

422 1800 675 1846 florulento
699 1798 851 1847 vestes
874 1799 1037 1856 sacras,
1062 1799 1320 1847 transmiffo
1344 1803 1403 1848 ad
1426 1803 1475 1848 id
1498 1805 1679 1865 negotii
1702 1805 1751 1849 in
1775 1803 2043 1851 Flandriam
2077 1805 2266 1850 domino
2290 1804 2384 1849 Ro-

420 1901 558 1946 berto
573 1900 794 1955 Cumein,
813 1916 937 1947 anno
954 1900 1119 1947 salutis
1137 1901 1371 1948 humanae
1393 1905 1531 1955 1520,
1552 1902 1772 1949 videlicet
1793 1919 1987 1964 cappam
2005 1917 2161 1958 unam,
2181 1920 2234 1950 ac
2257 1902 2384 1950 casu-

421 2000 531 2054 lam,
557 2000 673 2046 duas
698 2000 987 2054 dalmaticas,
1007 2001 1057 2045 in
1071 1999 1259 2060 Kynlos
1277 2001 1557 2060 apportavit.
1610 2000 1744 2047 Emit
1762 2007 1812 2047 et
1830 2001 1943 2048 alias
1962 1999 2112 2048 vestes
2129 2016 2383 2062 purpureas

422 2114 483 2144 ex
499 2097 662 2144 villosa
684 2095 824 2159 bysso,
848 2099 939 2144 hoc
957 2096 1039 2153 est,
1059 2097 1278 2152 casulam,
1298 2104 1395 2145 tres
1417 2098 1705 2153 dalmaticas,
1726 2099 1841 2146 duas
1859 2099 1973 2146 alias
1991 2098 2168 2146 casulas
2184 2096 2383 2160 byffinas

422 2214 477 2243 ac
500 2196 686 2244 villosas
710 2194 951 2243 thalaffico
970 2195 1052 2243 seu
1070 2202 1243 2243 veneto
1260 2197 1429 2251 colore,
1449 2212 1559 2243 cum
1576 2196 1669 2243 suis
1687 2197 1963 2252 dalmaticis,
1989 2198 2189 2244 totidem
2209 2196 2384 2244 casulas

422 2313 484 2343 ex
510 2295 649 2358 byffo,
674 2297 934 2357 palmatam
957 2311 1103 2342 unam
1127 2301 1177 2341 et
1200 2295 1402 2350 rubram,
1423 2296 1621 2342 alteram
1639 2297 1886 2342 candidam
1910 2302 1959 2342 et
1983 2296 2258 2342 undulatam
2277 2309 2384 2342 cum

420 2396 514 2443 suis
539 2396 834 2451 dalmaticis;
870 2411 930 2442 ex
965 2394 1221 2442 holoserico
1245 2396 1363 2441 item
1395 2395 1610 2441 caeruleo
1633 2394 1848 2449 casulam,
1874 2410 1982 2441 cum
2007 2395 2186 2441 duabus
2210 2394 2383 2440 dalma-

422 2498 556 2551 ticis3
592 2496 763 2556 quibus
787 2495 1007 2541 omnibus
1042 2494 1263 2541 laterales
1296 2494 1441 2540 fibrae
1468 2495 1621 2540 aureis
1644 2491 1919 2540 staminibus
1943 2499 1992 2539 et
2015 2508 2155 2553 opere
2188 2493 2382 2553 phrygio

420 2596 657 2642 Divorum
691 2596 922 2657 imagines
945 2594 1037 2640 filis
1060 2591 1250 2655 byffinis
1273 2594 1531 2654 purpureis,
1558 2594 1800 2646 coccineis,
1826 2598 1875 2638 et
1897 2592 2211 2653 hyacinthinis
2236 2592 2381 2636 inter-

421 2701 582 2742 textas
619 2696 812 2742 habent.
882 2693 1138 2740 Accedunt
1173 2699 1223 2738 et
1259 2690 1451 2753 fingulis
1485 2689 1691 2737 vestibus
1725 2697 1882 2737 certae
1915 2707 1969 2737 ac
2001 2691 2214 2751 propriae
2247 2688 2380 2735 albae

421 2792 568 2841 stolae
594 2793 765 2853 (oraria
787 2798 929 2839 vocat
953 2792 1295 2852 Hieronymus)
1332 2795 1382 2836 et
1405 2790 1453 2835 id
1486 2805 1637 2851 genus
1671 2790 1852 2849 reliqua
1874 2791 1923 2835 in
1947 2787 2143 2835 vestium
2179 2787 2382 2848 comple·

421 2898 642 2939 mentum
665 2889 932 2939 necessaria.
1003 2889 1182 2936 Rursus
1205 2888 1410 2937 casulam
1434 2904 1591 2943 unam,
1627 2903 1735 2935 cum
1759 2889 1939 2934 duabus
1962 2887 2223 2933 dalmaticis
2246 2884 2381 2932 semi-

421 2992 591 3047 sericis,
617 2989 902 3050 (vorsetioas,
931 2991 1086 3051 patria
1108 2989 1271 3051 lingua
1303 2987 1455 3034 solent
1490 2988 1663 3048 dicere)
1688 2988 1844 3048 nigris,
1881 3001 1988 3032 cum
2012 2985 2129 3031 albis
2163 2982 2304 3038 stolis,
2330 2990 2379 3029 et

422 3092 527 3138 aliis
550 3091 610 3137 ad
634 3105 736 3136 rem
761 3090 971 3135 divinam
994 3103 1079 3149 pro
1102 3088 1303 3133 mortuis
1326 3086 1603 3140 faciendam,
1628 3085 1909 3146 procuravit.
1978 3082 2098 3130 Οὲὶο
2131 3088 2375 3143 praeterea

424 3189 614 3245 casulas,
650 3203 850 3250 quarum
884 3186 994 3234 usus
1030 3184 1100 3233 est
1134 3187 1193 3232 ad
1227 3185 1462 3230 litandum
1486 3185 1535 3229 in
1557 3184 1753 3244 privatis
1786 3182 2026 3228 altaribus·
2093 3179 2296 3226 Addidit
2330 3186 2378 3226 et

424 3291 629 3344 mitram,
654 3287 736 3335 seu
759 3290 928 3334 tiaram
957 3287 1142 3340 reffius,
1167 3284 1369 3346 gemmis
1393 3298 1448 3329 ac
1471 3282 1735 3343 margaritis
1758 3296 1854 3326 non
1876 3280 2151 3326 indecenter
2174 3279 2377 3340 variega-

1390 3394 1424 3426 K
