2938 3762
539 437 599 480 38
1164 428 1494 476 HISTORIA
1529 425 1871 475 ABBATUM

605 563 841 609 Dominus
875 560 1109 607 Patricius
1143 558 1292 612 Toud.
1329 559 1476 606 laicus
1511 559 1783 614 monachus,
1820 558 1901 619 qui
1936 557 2055 604 obiit
2087 556 2214 603 ΑΒ.
2256 562 2395 613 1537,
2431 560 2508 605 die
2553 554 2558 561 ’

540 662 724 709 decimo
748 659 950 720 septimo
974 657 1110 712 Maii,
1135 656 1221 704 sub
1244 657 1458 706 Roberto
1481 657 1690 706 Abbate.

607 760 843 806 Dominus
882 755 1087 803 Thomas
1122 754 1335 810 Masone,
1374 757 1454 816 qui
1489 772 1643 818 nuper
1681 753 1784 817 post
1819 756 2010 817 longam
2051 754 2399 816 aegritudinem
2437 754 2513 799 die

538 858 673 904 Jovis
710 857 894 903 decimo
939 860 1109 916 quarto
1152 854 1383 909 Januarii,
1419 854 1525 901 oleo
1565 855 1859 901 infirmorum
1899 859 1950 900 et
1991 852 2147 900 san&o
2193 853 2515 914 pomeridiana

540 958 656 1003 hora
689 956 839 1002 ferme
876 955 1021 1001 tertia
1043 955 1265 1000 inum‘itus
1289 950 1371 1000 est.
1441 952 1518 999 Ac
1542 953 1619 999 die
1643 953 1828 999 decimo
1851 953 2030 1006 o&avo,
2065 952 2181 998 hora
2203 966 2326 1012 pene
2349 954 2515 1012 quinta

541 1069 681 1101 mane
715 1051 926 1114 ejusdem
960 1049 1135 1099 menfis
1174 1052 1395 1114 migravit
1430 1051 1489 1099 ad
1526 1050 1804 1097 Dominum.
1874 1050 1988 1112 Egit
2025 1065 2174 1097 annos
2212 1050 2321 1111 plus
2359 1052 2517 1096 minus

542 1155 739 1216 triginta
777 1158 992 1213 quatuor.
1067 1150 1352 1212 Requiescat
1391 1152 1441 1196 in
1472 1166 1610 1211 pace.
1681 1149 1856 1196 Amen.
1926 1147 2097 1196 Mense
2133 1148 2349 1196 Januarii
2391 1153 2513 1195 1535

543 1252 724 1299 calculo
748 1266 958 1298 romano.
1029 1250 1142 1296 Fuit
1165 1251 1237 1296 vir
1258 1248 1371 1296 satis
1393 1246 1638 1295 studiosus.

610 1352 846 1398 Dominus
870 1350 1136 1396 Richardus
1160 1347 1303 1403 Sand,
1329 1364 1457 1394 nunc
1482 1363 1768 1394 oeconomus
1791 1354 2069 1394 conventus.

610 1450 847 1497 Dominus
869 1448 901 1494 J
904 1448 1078 1495 acobus
1103 1446 1285 1494 Portar.
1355 1446 1405 1493 Is
1427 1447 1521 1493 fuit
1544 1453 1657 1494 ante
1680 1447 2018 1494 monachatum
2040 1446 2268 1495 sacerdos.

611 1548 847 1594 Dominus
881 1547 1086 1593 Thomas
1122 1544 1321 1600 Haistie,
1362 1561 1491 1593 nunc
1525 1548 1575 1592 in
1610 1545 1808 1593 Belloco
1842 1544 2064 1607 superior,
2098 1545 2184 1593 sub
2225 1548 2397 1593 abbate
2438 1546 2519 1593 suo

547 1648 758 1694 Roberto
783 1646 921 1692 Reid.

611 1746 847 1792 Dominus
872 1743 1144 1791 Gulielmus
1170 1743 1382 1805 Forsyth‚
1407 1759 1536 1790 nunc
1560 1758 1720 1791 comes
1743 1744 1930 1791 abbatis
1952 1743 2022 1790 sui
2047 1743 2248 1790 Roberti
2273 1743 2410 1790 Reid.

612 1844 856 1892 Dominus
881 1843 1153 1891 Gulielmus
1179 1842 1334 1904 Lyell,
1349 1844 1594 1904 jucundus
1617 1843 1773 1889 homo.

614 1944 849 1990 Dominus
873 1941 1092 1989 Adamus
1116 1941 1324 1996 Riddall,
1349 1958 1478 1989 nunc
1502 1942 1632 1989 chori
1655 1940 1917 1989 succentor.

616 2043 850 2089 Dominus
865 2041 1187 2089 Archibaldus
1204 2041 1470 2096 Braidwod,
1490 2057 1618 2088 nunc
1635 2042 1937 2103 guardianus,
1959 2040 2039 2088 seu
2057 2042 2328 2090 cellerarius
2351 2046 2521 2104 potius,

548 2143 788 2204 quondam
812 2141 1010 2188 Domini
1033 2141 1242 2187 Thomae
1266 2141 1452 2187 abbatis
1476 2155 1635 2187 comes
1658 2141 1922 2201 primarius.

615 2242 851 2288 Dominus
870 2240 1026 2287 David
1045 2239 1199 2301 Spens
1209 2239 1311 2299 jam
1329 2237 1415 2286 sub
1439 2239 1652 2286 Roberto
1677 2239 1850 2286 abbate
1874 2241 2013 2301 prior,
2034 2242 2105 2286 vir
2122 2241 2315 2289 adultae
2340 2245 2523 2297 aetatis,

554 2346 581 2389 3
605 2341 693 2387 cal.
717 2339 900 2401 Aprilis
924 2339 1030 2385 oleo
1063 2339 1357 2385 infirmorum
1393 2344 1443 2385 et
1476 2337 1647 2392 samito,
1672 2338 1788 2385 hora
1811 2340 1975 2386 oetava
2008 2354 2149 2386 mane
2185 2342 2404 2387 inundans
2440 2341 2521 2396 est,

552 2457 606 2487 ac
636 2442 686 2486 in
709 2437 980 2493 crastinum,
1012 2439 1128 2485 hora
1157 2454 1281 2499 pene
1315 2437 1529 2499 septima,
1558 2440 1697 2493 1538,
1729 2439 1952 2500 migravit
1986 2439 2043 2485 ad
2070 2438 2348 2486 Dominum.
2413 2441 2526 2503 Egit

552 2554 700 2585 annos
729 2538 837 2600 plus
869 2539 1027 2584 minus
1049 2536 1351 2599 septuaginta
1384 2542 1599 2597 quatuor,
1636 2537 1696 2583 de
1719 2553 1919 2598 quorum
1954 2553 2153 2584 numero
2184 2539 2527 2601 quinquaginta
2561 2549 2563 2552 ·

553 2652 725 2683 novem
748 2638 798 2683 in
820 2637 1108 2683 monachatu
1127 2636 1398 2697 complevit.
1454 2633 1740 2696 Requiescat
1756 2637 1807 2683 in
1829 2652 1959 2698 pace.
2031 2636 2147 2683 Fuit
2171 2638 2243 2683 vir
2266 2644 2398 2684 certe
2422 2640 2526 2699 pius

555 2743 605 2783 et
626 2737 876 2783 humanus.

623 2835 749 2881 Item
776 2838 915 2889 1539,
952 2833 1190 2880 Dominus
1212 2833 1244 2880 J
1247 2849 1423 2881 oannes
1458 2832 1648 2889 Person,
1684 2831 1904 2881 vicefimo
1938 2833 2073 2882 sext-o
2097 2835 2390 2892 Decembris,
2426 2837 2528 2899 post

559 2934 749 2995 longam
772 2940 823 2980 et
848 2934 1024 2980 variam
1046 2934 1436 2994 aegrotationem,
1461 2935 1683 2996 migravit
1706 2935 1767 2981 ad
1790 2934 2068 2982 Dominum.

791 3088 1033 3135 Donamus
1067 3088 1344 3135 Ronnn'rus
1379 3089 1530 3145 Ram,
1566 3090 1738 3137 AnnAs
1772 3105 1803 3137 A
1838 3090 2054 3138 Krmos
2089 3091 2294 3138 XXIII.

629 3226 705 3273 De
726 3226 817 3273 hoc
840 3228 939 3274 viro
963 3229 1044 3289 qui
1067 3228 1199 3283 vivit,
1224 3234 1274 3274 et
1297 3243 1407 3275 cum
1432 3244 1488 3276 eo
1512 3230 1696 3292 agimus
1730 3230 2038 3284 familiariter,
2062 3235 2253 3277 tantum
2287 3228 2530 3293 consigna-
