2938 3762
605 444 670 487 84
1242 439 1571 487 HISTORIA
1608 439 1947 490 ABBATUM

608 571 777 618 Mariae
801 571 1015 632 Virginis
1039 577 1090 616 et
1114 570 1305 625 Matris,
1342 572 1550 631 primum
1573 570 1684 619 suae
1719 574 1770 619 in
1798 573 2022 620 abbatem
2055 575 2367 634 promotionis
2402 572 2582 621 lacrum

607 686 780 732 magno
814 684 903 716 nec
936 669 1095 715 minus
1116 667 1333 731 religioso
1357 675 1529 716 ornatu
1551 670 1751 732 peregit.
1820 669 1903 717 Ab
1926 686 1984 718 eo
2008 686 2120 719 vero
2144 677 2372 733 tempore,
2401 672 2450 718 in
2474 686 2584 718 con-

607 766 847 814 stituendo
870 766 953 813 suo
975 764 1274 822 monasterio,
1298 768 1349 814 in
1371 766 1743 814 adversariorum
1761 770 2084 824 contentione,
2103 770 2153 816 in
2170 767 2485 817 instaurandis
2501 786 2586 831 per

609 863 895 914 vetustatem
928 864 1130 913 ruinofis
1152 866 1392 921 aedificiis,
1416 867 1466 913 in
1489 866 1722 928 ponendis
1757 872 1809 913 et
1841 867 2107 914 excitandis
2141 869 2277 915 novis
2300 868 2511 922 aedibus,
2536 869 2586 914 in

609 965 825 1013 emendis
860 980 970 1011 cum
1004 965 1064 1012 ad
1087 963 1223 1011 usum
1246 963 1355 1012 suae
1377 965 1586 1012 familiae
1619 970 1726 1011 tum
1759 963 2093 1012 sacrificiorum
2124 964 2243 1014 vafis
2276 967 2514 1029 argenteis
2536 974 2588 1014 et

608 1064 748 1112 sacris
769 1062 991 1118 vestibus,
1027 1066 1076 1110 in
1112 1064 1337 1126 cogendis
1367 1063 1551 1124 aliquot
1584 1061 1800 1125 collapfis
1831 1065 2076 1112 monachis
2109 1066 2159 1111 in
2193 1066 2421 1120 ordinem,
2457 1071 2506 1113 et
2540 1068 2587 1112 id

608 1178 760 1225 genus
784 1162 890 1210 aliis
913 1177 1038 1224 pene
1059 1162 1275 1216 infinitis,
1299 1166 1433 1208 totus
1456 1162 1562 1208 fuit.

673 1261 751 1308 Ac
782 1275 931 1323 quum
965 1261 1150 1307 videret
1184 1260 1244 1307 ab
1278 1266 1439 1307 aetate
1473 1258 1522 1307 se
1558 1262 1609 1307 in
1643 1275 1949 1309 communem
1982 1268 2187 1309 mortem
2221 1278 2499 1325 properare3
2534 1270 2589 1310 ut

610 1361 703 1408 suis
725 1362 776 1407 in
798 1360 992 1422 longam
1027 1358 1295 1406 consuleret
1327 1365 1538 1406 aetatem
1573 1358 1826 1414 laboribus,
1861 1375 1987 1407 anno
2021 1358 2310 1423 sexagesimo
2344 1359 2589 1423 postquam

610 1474 753 1515 natus
770 1473 885 1521 erat,
904 1468 1059 1513 virum
1082 1466 1304 1513 omnibus
1327 1467 1480 1512 modis
1503 1463 1936 1523 celebratiffimum,
1956 1473 2007 1515 et
2030 1466 2255 1516 ecclefiae
2279 1467 2590 1516 Moravienfis

610 1567 945 1620 subdecanum,
970 1565 1043 1611 M.
1069 1565 1338 1612 Robertum
1374 1564 1511 1619 Reid,
1546 1580 1676 1611 nunc
1712 1563 2052 1613 Mecaenatem
2085 1581 2260 1622 meum,
2296 1568 2345 1613 in
2374 1568 2589 1614 futurum

611 1667 834 1713 abbatem
868 1664 1060 1726 delegit.
1130 1661 1244 1710 Post
1276 1660 1546 1710 successoris
1581 1662 1881 1719 eleazionem,
1916 1679 2065 1711 annos
2098 1665 2206 1726 plus
2228 1666 2385 1712 minus
2409 1665 2590 1728 septem

611 1767 746 1811 vixit.
816 1763 876 1809 In
898 1762 1094 1817 summa,
1129 1763 1189 1809 ab
1212 1778 1270 1810 eo
1293 1777 1418 1809 anno
1454 1778 1548 1823 quo
1570 1763 1779 1823 primum
1814 1762 1973 1809 editus
2007 1761 2151 1810 estin
2181 1763 2339 1811 lucem
2374 1765 2592 1811 dominus

611 1864 817 1911 Thomas
841 1863 901 1909 ad
924 1868 1196 1909 extremum
1221 1862 1348 1907 vitae
1382 1862 1524 1916 diem,
1553 1862 1702 1909 etiam
1725 1858 1867 1923 ipfius
1890 1860 2191 1918 confeffione,
2227 1878 2377 1910 annos
2411 1862 2591 1926 septem

615 1970 667 2011 et
689 1952 937 2023 sexa'ginta
969 1958 1181 2007 absolvit.
1256 1959 1419 2006 Tertio
1453 1966 1617 2010 autem
1639 1959 1876 2007 Calendas
1899 1960 1932 2007 J
1934 1962 2115 2009 anuarii
2139 1961 2326 2009 delatus
2348 1963 2407 2009 ad
2431 1978 2593 2011 mona-

615 2061 810 2108 sterium
827 2058 914 2105 sub
936 2060 1125 2105 no&em
1144 2060 1193 2104 in
1210 2056 1456 2118 sepulchro
1480 2074 1509 2105 a
1529 2057 1578 2104 se
1596 2055 1857 2105 constituto
1880 2060 2097 2120 proxime
2120 2061 2180 2108 ad
2202 2059 2435 2109 summam
2461 2078 2588 2109 aram

618 2159 884 2208 tumulatus
908 2156 989 2204 est.

1540 2259 1679 2300 1535.

1305 2382 1635 2428 REQUIESCAT
1667 2382 1727 2421 m
1759 2383 1903 2422 PAcE.
1973 2372 1978 2377 ’

1520 2501 1688 2539 ΑΜΕΝ.
