2938 3762
548 444 607 486 lo
1175 430 1508 482 HISTORIA
1544 429 1889 481 ABBATUM

563 668 643 714 Ex
670 678 977 714 FRAGMENTO
1001 675 1270 711 cumeum
1294 661 1576 711 Emer-oms
1599 661 1822 710 JOANNIS
1845 660 2101 710 Fannnnn
2126 660 2506 709 Pnnnuonum

1154 775 1222 811 An
1246 761 1619 811 annasnnuu
1642 759 1912 809 Annum.

612 962 737 1008 ΟΕΡῙ
762 962 910 1009 etiam
933 966 1193 1007 contexere
1210 956 1471 1007 Historiam
1489 958 1742 1007 Abbatum
1760 974 1790 1006 a
1805 957 2009 1020 Kynlos‚
2027 958 2089 1005 ab
2104 956 2204 1019 ipfiz.
2219 958 2526 1005 fundatione:

548 1063 643 1110 Sed
667 1061 822 1109 multa
855 1065 1114 1108 occurrunt
1147 1059 1267 1107 adeo
1300 1057 1487 1114 mutila,
1521 1063 1579 1105 ut
1614 1057 1826 1105 diffidam
1858 1072 1938 1105 me
1960 1053 2087 1118 poffe
2109 1057 2253 1119 digne
2276 1055 2404 1110 satis,
2427 1063 2528 1103 tam

549 1158 718 1208 diffuta
740 1161 914 1215 omnia,
938 1161 988 1207 in
1011 1173 1162 1207 unum
1186 1158 1416 1206 decenter
1449 1157 1768 1220 compingere.
1836 1155 1999 1212 Quare
2032 1156 2238 1217 optarim
2262 1156 2313 1203 in
2335 1156 2415 1217 pio
2438 1156 2528 1202 hoc

553 1262 762 1323 negotio,
787 1266 844 1307 ut
867 1260 965 1307 tuis
999 1259 1151 1307 literis
1184 1257 1403 1304 nonnihil
1425 1256 1524 1305 luci
1545 1256 1782 1311 infundas,
1806 1252 1883 1302 isti
1906 1251 2093 1303 nostrae
2116 1254 2321 1317 caligini.
2379 1253 2533 1315 quue

550 1362 634 1408 fiet
657 1360 907 1408 commode
936 1355 972 1407 fi
995 1358 1055 1406 ad
1090 1356 1277 1404 Melros
1309 1354 1557 1418 scripseris,
1591 1359 1875 1417 accepturus
1910 1350 2052 1402 vestri
2084 1354 2227 1415 primi
2261 1352 2474 1401 Abbatis
2505 1370 2533 1400 a

551 1459 739 1521 Kynlos
764 1459 945 1505 domini
968 1455 1218 1504 Anselemi
1240 1456 1392 1511 initia,
1416 1456 1499 1516 qui
1516 1455 1591 1502 vir
1607 1455 1766 1508 fuerit,
1790 1458 1842 1501 et
1864 1469 1893 1502 a
1909 1468 2004 1514 quo
2022 1452 2220 1500 Abbate
2237 1451 2532 1500 Melrosense

551 1556 703 1605 isthuc
739 1553 1042 1611 transmissus,
1068 1562 1118 1603 et
1142 1560 1260 1616 quot
1293 1554 1517 1602 monachi
1541 1568 1652 1601 cum
1675 1552 1774 1600 illo.
1845 1551 2091 1600 Nimirum
2126 1551 2242 1598 olim
2274 1552 2417 1614 hujus
2441 1552 2532 1599 loci

552 1658 771 1705 Abbates
796 1656 872 1715 (ut
905 1656 1067 1718 audio)
1100 1669 1198 1702 non
1232 1670 1261 1701 a
1292 1653 1476 1702 summo
1511 1651 1761 1706 Pontifice,
1795 1648 1878 1699 sed
1899 1666 1987 1713 per
2009 1650 2208 1699 Patrem
2241 1651 2467 1698 abbatem
2506 1667 2534 1698 a

554 1757 737 1804 Melros
775 1753 1162 1803 instituebantur.
1232 1752 1299 1800 Et
1335 1751 1564 1800 credibile
1598 1748 1669 1798 est
1702 1748 2029 1812 hujuscemodi
2068 1750 2424 1811 promotionum
2464 1752 2535 1797 in-

552 1856 841 1917 scriptiones,
856 1854 955 1902 illic
972 1855 1022 1903 in
1040 1851 1369 1901 testimonium
1383 1847 1614 1899 asservari.
1657 1847 1914 1912 Deinceps),
1930 1849 2064 1897 dabis
2079 1846 2134 1909 (fi
2148 1848 2269 1895 nihil
2282 1850 2533 1910 impediat)

554 1955 615 2002 ad
638 1940 826 2002 Culross
848 1953 1024 2008 literas,
1048 1958 1104 1999 ut
1127 1952 1200 1999 illi
1222 1951 1359 1999 nobis
1382 1949 1598 1998 indicent
1620 1947 1757 1998 suum
1778 1948 1989 2010 primum
2012 1948 2236 1996 abbatem
2259 1963 2322 1995 ex
2346 1947 2534 2009 Kynlos

556 2054 670 2101 illuc
693 2054 971 2115 profe&um,
995 2058 1045 2099 et
1068 2051 1412 2099 monachorum
1435 2064 1546 2097 cum
1567 2047 1653 2097 illo
1675 2061 1945 2096 numerum.
2014 2046 2139 2094 Tum
2163 2048 2310 2095 etiam
2344 2044 2379 2092 fi
2413 2063 2535 2107 quae

556 2154 752 2200 nomina
774 2158 944 2200 tenent
966 2151 1195 2199 abbatum
1218 2165 1248 2199 a
1270 2148 1473 2211 Kynlos‚
1497 2163 1583 2210 per
1616 2143 1944 2196 visitationum
1968 2147 2192 2202 aaziones,
2217 2152 2267 2195 et
2290 2162 2385 2207 quo
2409 2162 2535 2194 anno

559 2232 724 2300 salutis
746 2253 870 2300 fa&a
892 2248 986 2298 fint
1021 2251 1202 2299 omnia:
1238 2249 1315 2297 Ac
1339 2249 1445 2311 quis
1480 2248 1710 2296 abbatum
1731 2261 1761 2295 a
1784 2245 1970 2294 Melros
2001 2242 2263 2294 instituerit
2295 2245 2327 2293 J
2330 2261 2533 2293 oannem

560 2351 720 2398 Ellem
743 2351 967 2398 abbatem
990 2347 1214 2403 vestrum,
1240 2362 1302 2397 ex
1325 2344 1530 2395 claustro
1553 2362 1582 2393 a
1614 2344 1787 2394 Culros
1809 2344 1828 2392 3
1897 2344 1964 2392 Et
1998 2342 2033 2392 fi
2067 2359 2185 2406 quos
2219 2344 2336 2393 alios
2357 2346 2539 2393 habent

560 2450 776 2497 fimiliter
792 2447 1050 2504 institutos,
1069 2449 1151 2509 qui
1167 2448 1264 2495 huc
1280 2446 1433 2493 veluti
1450 2444 1660 2508 pastores
1678 2444 1911 2499 venerint,
1935 2443 2024 2492 ὅτε.
2083 2441 2344 2500 Postremo,
2363 2444 2537 2492 scribes

560 2551 611 2594 in
634 2548 849 2610 Cuprum
872 2543 1128 2609 Augustae,
1152 2551 1208 2593 ut
1232 2542 1416 2608 fingula
1448 2545 1509 2592 de
1542 2544 1737 2591 domino
1771 2542 2018 2590 Gulielmo
2052 2542 2241 2604 Blayer,
2266 2549 2318 2590 et
2342 2544 2536 2590 domino

562 2648 593 2693 J
597 2648 745 2694 acobo
762 2646 986 2707 Guthiry,
1005 2645 1257 2692 abbatibus
1274 2645 1326 2690 in
1338 2642 1528 2705 Kynlos
1547 2657 1609 2690 ex
1624 2641 1785 2704 Cupro
1802 2638 2092 2697 transmiffis,
2110 2642 2247 2688 nobis
2263 2639 2505 2689 insinuent
2524 2658 2534 2687 ε

566 2747 739 2793 additis
757 2746 907 2800 annis,
927 2743 1012 2791 &c
1072 2743 1131 2789 Id
1149 2742 1302 2804 ipsum
1325 2757 1428 2805 ego,
1448 2741 1575 2802 quod
1598 2756 1660 2788 ex
1683 2746 1735 2787 te
1757 2755 1886 2787 nunc
1910 2741 2063 2801 cupio,
2087 2738 2436 2788 adcuratiffime
2461 2744 2536 2804 egi

566 2848 617 2891 in
639 2853 776 2906 parte
799 2843 963 2899 altera,
978 2838 1254 2890 transmissis
1272 2841 1425 2888 literis
1448 2841 1509 2887 ad
1527 2839 1833 2901 Superiorem
1851 2855 1880 2886 a
1897 2838 2058 2894 Deire,
2077 2839 2204 2900 apud
2222 2855 2365 2901 quem
2383 2842 2538 2888 multa

567 2945 791 2991 dicuntur
824 2941 916 2990 effe
950 2941 1078 2990 talia.
1147 2939 1291 2996 Quod
1323 2936 1360 2986 fi
1382 2938 1588 2986 voluerit
1612 2936 1706 2996 (uti
1727 2936 2003 3000 pollicetur)
2038 2935 2223 3001 singula
2254 2939 2464 2986 indicare
2487 2941 2535 2985 in

567 3045 656 3090 hac
689 3058 754 3097 re,
789 3057 882 3102 que
904 3040 1014 3088 sunt
1043 3039 1114 3087 illi
1149 3014 1399 3092 notiffima,
1435 3037 1609 3084 curabo
1645 3042 1696 3082 et
1729 3050 1819 3098 ego
1853 3052 1915 3082 ne
1949 3036 2106 3084 denu'o
2140 3051 2226 3098 per
2257 3035 2537 3098 scriptorum

569 3140 867 3188 oscitantiam
882 3145 983 3186 tam
1000 3138 1156 3186 multa
1171 3134 1423 3185 vetustatis
1446 3150 1617 3183 arcana
1635 3136 1684 3180 in
1703 3135 1925 3182 tenebras
1948 3135 2235 3190 relabantur,
2255 3133 2340 3182 &c.
2389 3135 2534 3196 Apud

572 3239 759 3301 Kynlos
781 3245 934 3292 tuum,
960 3243 987 3284 5
1013 3237 1099 3284 cal.
1127 3236 1241 3284 Feb.
1270 3235 1409 3282 1536.
