<?xml version="1.0" encoding="UTF-8"?>
<!DOCTYPE html PUBLIC "-//W3C//DTD XHTML 1.0 Transitional//EN"
    "http://www.w3.org/TR/xhtml1/DTD/xhtml1-transitional.dtd">
<html xmlns="http://www.w3.org/1999/xhtml" xml:lang="en" lang="en">
 <head>
  <title>
</title>
<meta http-equiv="Content-Type" content="text/html;charset=utf-8" />
  <meta name='ocr-system' content='tesseract 3.04.00' />
  <meta name='ocr-capabilities' content='ocr_page ocr_carea ocr_par ocr_line ocrx_word'/>
</head>
<body>
  <div class='ocr_page' id='page_1' title='image "./ferreriihistor6300ferruoft_0039.png"; bbox 0 0 2938 3762; ppageno 0'>
   <div class='ocr_carea' id='block_1_1' title="bbox 573 1081 2318 1411">
    <p class='ocr_par' dir='ltr' id='par_1_1' title="bbox 573 1081 2318 1411">
     <span class='ocr_line' id='line_1_1' title="bbox 573 1081 2318 1133; baseline 0.005 -8"><span class='ocrx_word' id='word_1_1' title='bbox 573 1081 971 1125; x_wconf 88' lang='lat' dir='ltr'>REVERENDO</span> <span class='ocrx_word' id='word_1_2' title='bbox 1024 1083 1095 1125; x_wconf 96' lang='lat' dir='ltr'>IN</span> <span class='ocrx_word' id='word_1_3' title='bbox 1147 1083 1422 1127; x_wconf 86' lang='lat' dir='ltr'>CHRISTO</span> <span class='ocrx_word' id='word_1_4' title='bbox 1469 1086 1665 1129; x_wconf 87' lang='lat' dir='ltr'><strong>PATRI</strong></span> <span class='ocrx_word' id='word_1_5' title='bbox 1718 1088 1973 1131; x_wconf 91' lang='lat' dir='ltr'><strong>DOMINO</strong></span> <span class='ocrx_word' id='word_1_6' title='bbox 2027 1090 2318 1133; x_wconf 88' lang='lat' dir='ltr'>ROBERTO</span> 
     </span>
     <span class='ocr_line' id='line_1_2' title="bbox 579 1174 2315 1223; baseline 0.004 -7"><span class='ocrx_word' id='word_1_7' title='bbox 579 1174 734 1217; x_wconf 87' lang='lat' dir='ltr'>REID</span> <span class='ocrx_word' id='word_1_8' title='bbox 773 1174 1012 1216; x_wconf 91' lang='grc' dir='ltr'><strong>ΑΒΒΑΤΙ</strong></span> <span class='ocrx_word' id='word_1_9' title='bbox 1051 1175 1522 1218; x_wconf 83' lang='lat' dir='ltr'>CISTERGIENSIS</span> <span class='ocrx_word' id='word_1_10' title='bbox 1557 1177 1874 1221; x_wconf 90' lang='lat' dir='ltr'><strong>FAMILIAE</strong></span> <span class='ocrx_word' id='word_1_11' title='bbox 1919 1180 2315 1223; x_wconf 89' lang='lat' dir='ltr'>MONASTERII</span> 
     </span>
     <span class='ocr_line' id='line_1_3' title="bbox 578 1244 2313 1322; baseline 0.005 -17"><span class='ocrx_word' id='word_1_12' title='bbox 578 1263 664 1305; x_wconf 88' lang='lat' dir='ltr'>DE</span> <span class='ocrx_word' id='word_1_13' title='bbox 729 1244 1001 1316; x_wconf 77' lang='lat' dir='ltr'>KYNLOS,</span> <span class='ocrx_word' id='word_1_14' title='bbox 1074 1265 1449 1308; x_wconf 88' lang='lat' dir='ltr'><strong>MECAENATI</strong></span> <span class='ocrx_word' id='word_1_15' title='bbox 1520 1267 1637 1309; x_wconf 90' lang='lat' dir='ltr'>SUO</span> <span class='ocrx_word' id='word_1_16' title='bbox 1708 1269 2313 1322; x_wconf 84' lang='lat' dir='ltr'>OBSERVANTISSIMO,</span> 
     </span>
     <span class='ocr_line' id='line_1_4' title="bbox 576 1355 1911 1411; baseline 0.005 -15"><span class='ocrx_word' id='word_1_17' title='bbox 576 1355 867 1398; x_wconf 88' lang='lat' dir='ltr'><strong>JOANNES</strong></span> <span class='ocrx_word' id='word_1_18' title='bbox 898 1355 1262 1399; x_wconf 88' lang='lat' dir='ltr'>FERRERIUS</span> <span class='ocrx_word' id='word_1_19' title='bbox 1294 1357 1836 1411; x_wconf 85' lang='lat' dir='ltr'><strong>PEDEMONTANUS‚</strong></span> <span class='ocrx_word' id='word_1_20' title='bbox 1869 1362 1911 1403; x_wconf 90' lang='lat' dir='ltr'>S.</span> 
     </span>
    </p>
   </div>
   <div class='ocr_carea' id='block_1_2' title="bbox 392 1546 2372 3195">
    <p class='ocr_par' dir='ltr' id='par_1_2' title="bbox 392 1546 2372 3195">
     <span class='ocr_line' id='line_1_5' title="bbox 470 1546 2372 1614; baseline 0.003 -22"><span class='ocrx_word' id='word_1_21' title='bbox 470 1547 533 1593; x_wconf 86' lang='lat' dir='ltr'>IN</span> <span class='ocrx_word' id='word_1_22' title='bbox 557 1549 687 1593; x_wconf 91' lang='lat' dir='ltr'>omni</span> <span class='ocrx_word' id='word_1_23' title='bbox 722 1548 969 1595; x_wconf 91' lang='lat' dir='ltr'>literarum</span> <span class='ocrx_word' id='word_1_24' title='bbox 992 1554 1042 1595; x_wconf 92' lang='lat' dir='ltr'>et</span> <span class='ocrx_word' id='word_1_25' title='bbox 1064 1546 1327 1596; x_wconf 86' lang='lat' dir='ltr'>studiorum</span> <span class='ocrx_word' id='word_1_26' title='bbox 1353 1566 1540 1612; x_wconf 85' lang='lat' dir='ltr'>genere,</span> <span class='ocrx_word' id='word_1_27' title='bbox 1578 1552 1835 1599; x_wconf 89' lang='lat' dir='ltr'>Mecaenas</span> <span class='ocrx_word' id='word_1_28' title='bbox 1867 1550 2165 1607; x_wconf 89' lang='lat' dir='ltr'>ornatiffime‚</span> <span class='ocrx_word' id='word_1_29' title='bbox 2189 1552 2372 1614; x_wconf 86' lang='lat' dir='ltr'>semper</span> 
     </span>
     <span class='ocr_line' id='line_1_6' title="bbox 403 1647 2370 1714; baseline 0.002 -21"><span class='ocrx_word' id='word_1_30' title='bbox 403 1647 710 1708; x_wconf 69' lang='lat' dir='ltr'>spe&amp;andum</span> <span class='ocrx_word' id='word_1_31' title='bbox 733 1647 817 1704; x_wconf 87' lang='lat' dir='ltr'>est,</span> <span class='ocrx_word' id='word_1_32' title='bbox 841 1654 898 1695; x_wconf 95' lang='lat' dir='ltr'>ut</span> <span class='ocrx_word' id='word_1_33' title='bbox 920 1649 1183 1696; x_wconf 91' lang='lat' dir='ltr'>multorum</span> <span class='ocrx_word' id='word_1_34' title='bbox 1201 1650 1621 1698; x_wconf 80' lang='lat' dir='ltr'><strong>commoditatibus</strong></span> <span class='ocrx_word' id='word_1_35' title='bbox 1639 1650 1921 1699; x_wconf 81' lang='lat' dir='ltr'>consulatur.</span> <span class='ocrx_word' id='word_1_36' title='bbox 1969 1651 2047 1699; x_wconf 87' lang='lat' dir='ltr'>Ita</span> <span class='ocrx_word' id='word_1_37' title='bbox 2060 1652 2189 1714; x_wconf 90' lang='lat' dir='ltr'>leges</span> <span class='ocrx_word' id='word_1_38' title='bbox 2207 1667 2370 1698; x_wconf 90' lang='lat' dir='ltr'>omnes</span> 
     </span>
     <span class='ocr_line' id='line_1_7' title="bbox 403 1748 2367 1811; baseline 0.002 -19"><span class='ocrx_word' id='word_1_39' title='bbox 403 1753 453 1792; x_wconf 89' lang='lat' dir='ltr'>et</span> <span class='ocrx_word' id='word_1_40' title='bbox 475 1748 596 1793; x_wconf 87' lang='lat' dir='ltr'>ritus</span> <span class='ocrx_word' id='word_1_41' title='bbox 620 1748 838 1808; x_wconf 91' lang='lat' dir='ltr'>denique,</span> <span class='ocrx_word' id='word_1_42' title='bbox 858 1749 918 1795; x_wconf 90' lang='lat' dir='ltr'>ad</span> <span class='ocrx_word' id='word_1_43' title='bbox 940 1754 1164 1795; x_wconf 91' lang='lat' dir='ltr'>mutuum</span> <span class='ocrx_word' id='word_1_44' title='bbox 1199 1750 1405 1796; x_wconf 90' lang='lat' dir='ltr'>officium</span> <span class='ocrx_word' id='word_1_45' title='bbox 1428 1755 1479 1795; x_wconf 92' lang='lat' dir='ltr'>et</span> <span class='ocrx_word' id='word_1_46' title='bbox 1502 1765 1694 1810; x_wconf 87' lang='lat' dir='ltr'>operam</span> <span class='ocrx_word' id='word_1_47' title='bbox 1727 1751 1995 1797; x_wconf 92' lang='lat' dir='ltr'>hominibus</span> <span class='ocrx_word' id='word_1_48' title='bbox 2028 1748 2367 1811; x_wconf 87' lang='lat' dir='ltr'>praestandam,</span> 
     </span>
     <span class='ocr_line' id='line_1_8' title="bbox 401 1846 2367 1910; baseline 0.002 -19"><span class='ocrx_word' id='word_1_49' title='bbox 401 1846 619 1892; x_wconf 90' lang='lat' dir='ltr'>homines</span> <span class='ocrx_word' id='word_1_50' title='bbox 641 1846 878 1894; x_wconf 90' lang='lat' dir='ltr'>solicitare</span> <span class='ocrx_word' id='word_1_51' title='bbox 901 1849 1131 1895; x_wconf 85' lang='lat' dir='ltr'>videmus.</span> <span class='ocrx_word' id='word_1_52' title='bbox 1202 1848 1268 1895; x_wconf 91' lang='lat' dir='ltr'>Et</span> <span class='ocrx_word' id='word_1_53' title='bbox 1291 1846 1389 1895; x_wconf 90' lang='lat' dir='ltr'>fine</span> <span class='ocrx_word' id='word_1_54' title='bbox 1412 1849 1498 1903; x_wconf 87' lang='lat' dir='ltr'>his,</span> <span class='ocrx_word' id='word_1_55' title='bbox 1522 1864 1620 1895; x_wconf 92' lang='lat' dir='ltr'>non</span> <span class='ocrx_word' id='word_1_56' title='bbox 1643 1848 1902 1896; x_wconf 82' lang='lat' dir='ltr'>coalescere</span> <span class='ocrx_word' id='word_1_57' title='bbox 1925 1848 2244 1910; x_wconf 87' lang='lat' dir='ltr'>Respublicas,</span> <span class='ocrx_word' id='word_1_58' title='bbox 2268 1856 2367 1895; x_wconf 91' lang='lat' dir='ltr'>tam</span> 
     </span>
     <span class='ocr_line' id='line_1_9' title="bbox 400 1944 2368 2010; baseline 0.002 -20"><span class='ocrx_word' id='word_1_59' title='bbox 400 1946 451 1990; x_wconf 87' lang='lat' dir='ltr'>in</span> <span class='ocrx_word' id='word_1_60' title='bbox 474 1950 640 2005; x_wconf 92' lang='lat' dir='ltr'>aperto</span> <span class='ocrx_word' id='word_1_61' title='bbox 663 1944 747 2001; x_wconf 87' lang='lat' dir='ltr'>est,</span> <span class='ocrx_word' id='word_1_62' title='bbox 771 1951 828 1992; x_wconf 94' lang='lat' dir='ltr'>ut</span> <span class='ocrx_word' id='word_1_63' title='bbox 850 1947 995 1993; x_wconf 90' lang='lat' dir='ltr'>nullis</span> <span class='ocrx_word' id='word_1_64' title='bbox 1018 1954 1158 2010; x_wconf 90' lang='lat' dir='ltr'>egeat</span> <span class='ocrx_word' id='word_1_65' title='bbox 1188 1949 1560 2009; x_wconf 63' lang='lat' dir='ltr'>probationibus.</span> <span class='ocrx_word' id='word_1_66' title='bbox 1629 1948 1785 1995; x_wconf 88' lang='lat' dir='ltr'>Dulce</span> <span class='ocrx_word' id='word_1_67' title='bbox 1809 1947 1983 2007; x_wconf 89' lang='lat' dir='ltr'>(nescio</span> <span class='ocrx_word' id='word_1_68' title='bbox 2007 1950 2138 2010; x_wconf 92' lang='lat' dir='ltr'>quid)</span> <span class='ocrx_word' id='word_1_69' title='bbox 2161 1950 2212 1994; x_wconf 93' lang='lat' dir='ltr'>in</span> <span class='ocrx_word' id='word_1_70' title='bbox 2235 1949 2368 1994; x_wconf 88' lang='lat' dir='ltr'>nobis</span> 
     </span>
     <span class='ocr_line' id='line_1_10' title="bbox 406 2031 2367 2108; baseline 0.001 -19"><span class='ocrx_word' id='word_1_71' title='bbox 406 2042 577 2090; x_wconf 90' lang='lat' dir='ltr'>insevit</span> <span class='ocrx_word' id='word_1_72' title='bbox 602 2050 786 2100; x_wconf 91' lang='lat' dir='ltr'>natura,</span> <span class='ocrx_word' id='word_1_73' title='bbox 810 2031 871 2092; x_wconf 92' lang='lat' dir='ltr'>ad</span> <span class='ocrx_word' id='word_1_74' title='bbox 895 2047 1111 2106; x_wconf 90' lang='lat' dir='ltr'>patriam,</span> <span class='ocrx_word' id='word_1_75' title='bbox 1138 2052 1372 2108; x_wconf 88' lang='lat' dir='ltr'>parentes,</span> <span class='ocrx_word' id='word_1_76' title='bbox 1401 2048 1589 2102; x_wconf 89' lang='lat' dir='ltr'>amicos,</span> <span class='ocrx_word' id='word_1_77' title='bbox 1623 2061 1818 2107; x_wconf 90' lang='lat' dir='ltr'>remque</span> <span class='ocrx_word' id='word_1_78' title='bbox 1851 2043 2056 2092; x_wconf 87' lang='lat' dir='ltr'>nostram</span> <span class='ocrx_word' id='word_1_79' title='bbox 2090 2045 2367 2092; x_wconf 83' lang='lat' dir='ltr'>familiarem</span> 
     </span>
     <span class='ocr_line' id='line_1_11' title="bbox 399 2143 2366 2206; baseline 0 -17"><span class='ocrx_word' id='word_1_80' title='bbox 399 2143 772 2204; x_wconf 86' lang='lat' dir='ltr'>gubernandam,</span> <span class='ocrx_word' id='word_1_81' title='bbox 797 2149 854 2191; x_wconf 95' lang='lat' dir='ltr'>ut</span> <span class='ocrx_word' id='word_1_82' title='bbox 877 2146 1028 2192; x_wconf 84' lang='lat' dir='ltr'>vitam</span> <span class='ocrx_word' id='word_1_83' title='bbox 1050 2145 1242 2192; x_wconf 92' lang='lat' dir='ltr'>illorum</span> <span class='ocrx_word' id='word_1_84' title='bbox 1265 2151 1492 2206; x_wconf 91' lang='lat' dir='ltr'>putemus</span> <span class='ocrx_word' id='word_1_85' title='bbox 1516 2146 1734 2194; x_wconf 89' lang='lat' dir='ltr'>acerbam</span> <span class='ocrx_word' id='word_1_86' title='bbox 1756 2147 1837 2205; x_wconf 91' lang='lat' dir='ltr'>qui</span> <span class='ocrx_word' id='word_1_87' title='bbox 1859 2143 2075 2191; x_wconf 88' lang='lat' dir='ltr'>recusant</span> <span class='ocrx_word' id='word_1_88' title='bbox 2094 2144 2169 2190; x_wconf 87' lang='lat' dir='ltr'>vel</span> <span class='ocrx_word' id='word_1_89' title='bbox 2192 2159 2366 2203; x_wconf 91' lang='lat' dir='ltr'>neque-</span> 
     </span>
     <span class='ocr_line' id='line_1_12' title="bbox 399 2242 2366 2304; baseline 0 -17"><span class='ocrx_word' id='word_1_90' title='bbox 399 2249 489 2288; x_wconf 92' lang='lat' dir='ltr'>unt</span> <span class='ocrx_word' id='word_1_91' title='bbox 520 2243 594 2289; x_wconf 87' lang='lat' dir='ltr'>his</span> <span class='ocrx_word' id='word_1_92' title='bbox 633 2242 887 2304; x_wconf 88' lang='lat' dir='ltr'>aliquando</span> <span class='ocrx_word' id='word_1_93' title='bbox 922 2245 1144 2291; x_wconf 90' lang='lat' dir='ltr'>omnibus</span> <span class='ocrx_word' id='word_1_94' title='bbox 1180 2243 1424 2291; x_wconf 89' lang='lat' dir='ltr'>consulere</span> <span class='ocrx_word' id='word_1_95' title='bbox 1460 2246 1511 2291; x_wconf 93' lang='lat' dir='ltr'>in</span> <span class='ocrx_word' id='word_1_96' title='bbox 1544 2246 1797 2291; x_wconf 91' lang='lat' dir='ltr'>communi.</span> <span class='ocrx_word' id='word_1_97' title='bbox 1865 2243 2045 2290; x_wconf 80' lang='lat' dir='ltr'>Contra</span> <span class='ocrx_word' id='word_1_98' title='bbox 2077 2248 2251 2297; x_wconf 87' lang='lat' dir='ltr'>autem,</span> <span class='ocrx_word' id='word_1_99' title='bbox 2287 2257 2366 2288; x_wconf 90' lang='lat' dir='ltr'>eos</span> 
     </span>
     <span class='ocr_line' id='line_1_13' title="bbox 399 2340 2363 2405; baseline -0.001 -18"><span class='ocrx_word' id='word_1_100' title='bbox 399 2342 649 2388; x_wconf 80' lang='lat' dir='ltr'>laudamus</span> <span class='ocrx_word' id='word_1_101' title='bbox 689 2340 1056 2390; x_wconf 85' lang='lat' dir='ltr'>cumulatiffime</span> <span class='ocrx_word' id='word_1_102' title='bbox 1088 2345 1170 2404; x_wconf 94' lang='lat' dir='ltr'>qui</span> <span class='ocrx_word' id='word_1_103' title='bbox 1205 2359 1290 2405; x_wconf 93' lang='lat' dir='ltr'>pro</span> <span class='ocrx_word' id='word_1_104' title='bbox 1330 2345 1404 2391; x_wconf 88' lang='lat' dir='ltr'>his</span> <span class='ocrx_word' id='word_1_105' title='bbox 1434 2344 1625 2391; x_wconf 90' lang='lat' dir='ltr'>tuendis</span> <span class='ocrx_word' id='word_1_106' title='bbox 1661 2359 1757 2389; x_wconf 91' lang='lat' dir='ltr'>non</span> <span class='ocrx_word' id='word_1_107' title='bbox 1789 2342 1898 2389; x_wconf 91' lang='lat' dir='ltr'>sunt</span> <span class='ocrx_word' id='word_1_108' title='bbox 1929 2342 2187 2388; x_wconf 90' lang='lat' dir='ltr'>identidem</span> <span class='ocrx_word' id='word_1_109' title='bbox 2225 2342 2363 2387; x_wconf 89' lang='lat' dir='ltr'>veriti</span> 
     </span>
     <span class='ocr_line' id='line_1_14' title="bbox 398 2439 2362 2502; baseline 0 -16"><span class='ocrx_word' id='word_1_110' title='bbox 398 2440 676 2502; x_wconf 89' lang='lat' dir='ltr'>sanguinem</span> <span class='ocrx_word' id='word_1_111' title='bbox 697 2440 835 2488; x_wconf 91' lang='lat' dir='ltr'>suum</span> <span class='ocrx_word' id='word_1_112' title='bbox 858 2441 1115 2489; x_wconf 86' lang='lat' dir='ltr'>effundere.</span> <span class='ocrx_word' id='word_1_113' title='bbox 1187 2442 1268 2489; x_wconf 88' lang='lat' dir='ltr'>Sic</span> <span class='ocrx_word' id='word_1_114' title='bbox 1290 2443 1419 2489; x_wconf 92' lang='lat' dir='ltr'>enim</span> <span class='ocrx_word' id='word_1_115' title='bbox 1441 2443 1677 2489; x_wconf 91' lang='lat' dir='ltr'>retinetur</span> <span class='ocrx_word' id='word_1_116' title='bbox 1699 2441 2008 2501; x_wconf 88' lang='lat' dir='ltr'>Reipublicae</span> <span class='ocrx_word' id='word_1_117' title='bbox 2030 2439 2362 2499; x_wconf 86' lang='lat' dir='ltr'>tranquillitas,</span> 
     </span>
     <span class='ocr_line' id='line_1_15' title="bbox 396 2539 2362 2602; baseline -0.001 -17"><span class='ocrx_word' id='word_1_118' title='bbox 396 2541 585 2600; x_wconf 89' lang='lat' dir='ltr'>quando</span> <span class='ocrx_word' id='word_1_119' title='bbox 626 2539 1032 2588; x_wconf 86' lang='lat' dir='ltr'>consentientibus</span> <span class='ocrx_word' id='word_1_120' title='bbox 1069 2542 1371 2602; x_wconf 81' lang='lat' dir='ltr'>opinionibus</span> <span class='ocrx_word' id='word_1_121' title='bbox 1408 2556 1505 2587; x_wconf 91' lang='lat' dir='ltr'>una</span> <span class='ocrx_word' id='word_1_122' title='bbox 1539 2555 1718 2595; x_wconf 88' lang='lat' dir='ltr'>omnes,</span> <span class='ocrx_word' id='word_1_123' title='bbox 1760 2554 2010 2586; x_wconf 91' lang='lat' dir='ltr'>commune</span> <span class='ocrx_word' id='word_1_124' title='bbox 2049 2539 2227 2584; x_wconf 92' lang='lat' dir='ltr'>bonum</span> <span class='ocrx_word' id='word_1_125' title='bbox 2267 2553 2362 2583; x_wconf 92' lang='lat' dir='ltr'>non</span> 
     </span>
     <span class='ocr_line' id='line_1_16' title="bbox 394 2635 2362 2701; baseline -0.002 -17"><span class='ocrx_word' id='word_1_126' title='bbox 394 2638 548 2685; x_wconf 93' lang='lat' dir='ltr'>solum</span> <span class='ocrx_word' id='word_1_127' title='bbox 580 2637 855 2700; x_wconf 68' lang='lat' dir='ltr'>spe&amp;amus,</span> <span class='ocrx_word' id='word_1_128' title='bbox 893 2639 975 2687; x_wconf 90' lang='lat' dir='ltr'>sed</span> <span class='ocrx_word' id='word_1_129' title='bbox 1007 2641 1153 2686; x_wconf 90' lang='lat' dir='ltr'>etiam</span> <span class='ocrx_word' id='word_1_130' title='bbox 1187 2655 1272 2701; x_wconf 93' lang='lat' dir='ltr'>pro</span> <span class='ocrx_word' id='word_1_131' title='bbox 1307 2639 1484 2686; x_wconf 86' lang='lat' dir='ltr'>viribus</span> <span class='ocrx_word' id='word_1_132' title='bbox 1511 2640 1679 2701; x_wconf 87' lang='lat' dir='ltr'>juvare</span> <span class='ocrx_word' id='word_1_133' title='bbox 1713 2639 2056 2685; x_wconf 82' lang='lat' dir='ltr'>contendimus.</span> <span class='ocrx_word' id='word_1_134' title='bbox 2127 2635 2362 2698; x_wconf 88' lang='lat' dir='ltr'>Satagunt</span> 
     </span>
     <span class='ocr_line' id='line_1_17' title="bbox 396 2736 2361 2800; baseline -0.002 -16"><span class='ocrx_word' id='word_1_135' title='bbox 396 2738 554 2800; x_wconf 86' lang='lat' dir='ltr'>Reges</span> <span class='ocrx_word' id='word_1_136' title='bbox 575 2744 806 2800; x_wconf 90' lang='lat' dir='ltr'>tanquam</span> <span class='ocrx_word' id='word_1_137' title='bbox 829 2741 1064 2800; x_wconf 86' lang='lat' dir='ltr'>principes</span> <span class='ocrx_word' id='word_1_138' title='bbox 1086 2736 1498 2799; x_wconf 89' lang='lat' dir='ltr'>moderatoresque</span> <span class='ocrx_word' id='word_1_139' title='bbox 1521 2739 1779 2791; x_wconf 92' lang='lat' dir='ltr'>hominum,</span> <span class='ocrx_word' id='word_1_140' title='bbox 1798 2737 1876 2783; x_wconf 85' lang='lat' dir='ltr'>vel</span> <span class='ocrx_word' id='word_1_141' title='bbox 1899 2751 2063 2797; x_wconf 89' lang='lat' dir='ltr'>pacem</span> <span class='ocrx_word' id='word_1_142' title='bbox 2080 2736 2203 2782; x_wconf 90' lang='lat' dir='ltr'>tueri</span> <span class='ocrx_word' id='word_1_143' title='bbox 2222 2749 2361 2794; x_wconf 91' lang='lat' dir='ltr'>quam</span> 
     </span>
     <span class='ocr_line' id='line_1_18' title="bbox 394 2830 2359 2899; baseline -0.003 -16"><span class='ocrx_word' id='word_1_144' title='bbox 394 2838 589 2892; x_wconf 90' lang='lat' dir='ltr'>habent,</span> <span class='ocrx_word' id='word_1_145' title='bbox 631 2838 710 2884; x_wconf 88' lang='lat' dir='ltr'>vel</span> <span class='ocrx_word' id='word_1_146' title='bbox 748 2836 1001 2885; x_wconf 87' lang='lat' dir='ltr'>restituere</span> <span class='ocrx_word' id='word_1_147' title='bbox 1040 2836 1306 2899; x_wconf 91' lang='lat' dir='ltr'>collapsam,</span> <span class='ocrx_word' id='word_1_148' title='bbox 1353 2852 1447 2897; x_wconf 93' lang='lat' dir='ltr'>quo</span> <span class='ocrx_word' id='word_1_149' title='bbox 1491 2837 1623 2883; x_wconf 89' lang='lat' dir='ltr'>locus</span> <span class='ocrx_word' id='word_1_150' title='bbox 1661 2833 1720 2882; x_wconf 87' lang='lat' dir='ltr'>fit</span> <span class='ocrx_word' id='word_1_151' title='bbox 1758 2832 2110 2883; x_wconf 86' lang='lat' dir='ltr'>administrandi</span> <span class='ocrx_word' id='word_1_152' title='bbox 2146 2830 2359 2893; x_wconf 85' lang='lat' dir='ltr'>justitiae</span> 
     </span>
     <span class='ocr_line' id='line_1_19' title="bbox 394 2929 2360 2997; baseline -0.004 -14"><span class='ocrx_word' id='word_1_153' title='bbox 394 2951 539 2996; x_wconf 90' lang='lat' dir='ltr'>quam</span> <span class='ocrx_word' id='word_1_154' title='bbox 578 2934 824 2983; x_wconf 92' lang='lat' dir='ltr'>obscurare</span> <span class='ocrx_word' id='word_1_155' title='bbox 851 2936 928 2983; x_wconf 84' lang='lat' dir='ltr'>vel</span> <span class='ocrx_word' id='word_1_156' title='bbox 967 2937 1126 2997; x_wconf 89' lang='lat' dir='ltr'>potius</span> <span class='ocrx_word' id='word_1_157' title='bbox 1160 2936 1330 2982; x_wconf 89' lang='lat' dir='ltr'>tollere</span> <span class='ocrx_word' id='word_1_158' title='bbox 1364 2940 1563 2981; x_wconf 91' lang='lat' dir='ltr'>conetur</span> <span class='ocrx_word' id='word_1_159' title='bbox 1598 2934 1832 2981; x_wconf 88' lang='lat' dir='ltr'>bellorum</span> <span class='ocrx_word' id='word_1_160' title='bbox 1869 2929 2132 2978; x_wconf 90' lang='lat' dir='ltr'>inconsulta</span> <span class='ocrx_word' id='word_1_161' title='bbox 2165 2931 2360 2982; x_wconf 87' lang='lat' dir='ltr'>vanitas,</span> 
     </span>
     <span class='ocr_line' id='line_1_20' title="bbox 394 3028 2364 3095; baseline -0.005 -14"><span class='ocrx_word' id='word_1_162' title='bbox 394 3042 445 3082; x_wconf 90' lang='lat' dir='ltr'>et</span> <span class='ocrx_word' id='word_1_163' title='bbox 485 3036 653 3081; x_wconf 91' lang='lat' dir='ltr'>mundi</span> <span class='ocrx_word' id='word_1_164' title='bbox 698 3031 947 3081; x_wconf 88' lang='lat' dir='ltr'>diffidium.</span> <span class='ocrx_word' id='word_1_165' title='bbox 1017 3034 1293 3081; x_wconf 89' lang='lat' dir='ltr'>Secundum</span> <span class='ocrx_word' id='word_1_166' title='bbox 1333 3033 1490 3095; x_wconf 91' lang='lat' dir='ltr'>Reges</span> <span class='ocrx_word' id='word_1_167' title='bbox 1529 3031 1638 3078; x_wconf 90' lang='lat' dir='ltr'>sunt</span> <span class='ocrx_word' id='word_1_168' title='bbox 1681 3028 1978 3092; x_wconf 88' lang='lat' dir='ltr'>magistratus</span> <span class='ocrx_word' id='word_1_169' title='bbox 2023 3029 2364 3087; x_wconf 86' lang='lat' dir='ltr'>civitatumque</span> 
     </span>
     <span class='ocr_line' id='line_1_21' title="bbox 392 3127 2363 3195; baseline -0.006 -13"><span class='ocrx_word' id='word_1_170' title='bbox 392 3134 631 3195; x_wconf 67' lang='lat' dir='ltr'>praefeffi,</span> <span class='ocrx_word' id='word_1_171' title='bbox 654 3149 740 3195; x_wconf 93' lang='lat' dir='ltr'>per</span> <span class='ocrx_word' id='word_1_172' title='bbox 762 3148 880 3195; x_wconf 90' lang='lat' dir='ltr'>quos</span> <span class='ocrx_word' id='word_1_173' title='bbox 902 3133 1026 3180; x_wconf 92' lang='lat' dir='ltr'>bene</span> <span class='ocrx_word' id='word_1_174' title='bbox 1049 3133 1230 3180; x_wconf 88' lang='lat' dir='ltr'>habent</span> <span class='ocrx_word' id='word_1_175' title='bbox 1251 3128 1434 3194; x_wconf 89' lang='lat' dir='ltr'>fingula</span> <span class='ocrx_word' id='word_1_176' title='bbox 1456 3129 1764 3191; x_wconf 88' lang='lat' dir='ltr'>Reipublicae</span> <span class='ocrx_word' id='word_1_177' title='bbox 1796 3127 2023 3181; x_wconf 89' lang='lat' dir='ltr'>membra,</span> <span class='ocrx_word' id='word_1_178' title='bbox 2047 3127 2174 3172; x_wconf 90' lang='lat' dir='ltr'>unde</span> <span class='ocrx_word' id='word_1_179' title='bbox 2208 3131 2363 3171; x_wconf 87' lang='lat' dir='ltr'>totum</span> 
     </span>
    </p>
   </div>
   <div class='ocr_carea' id='block_1_3' title="bbox 393 3222 2363 3296">
    <p class='ocr_par' dir='ltr' id='par_1_3' title="bbox 393 3222 2363 3296">
     <span class='ocr_line' id='line_1_22' title="bbox 393 3222 2363 3296; baseline -0.008 -13"><span class='ocrx_word' id='word_1_180' title='bbox 393 3250 564 3296; x_wconf 91' lang='lat' dir='ltr'>corpus</span> <span class='ocrx_word' id='word_1_181' title='bbox 613 3233 846 3282; x_wconf 69' lang='lat' dir='ltr'>coalesciti</span> <span class='ocrx_word' id='word_1_182' title='bbox 920 3231 997 3280; x_wconf 93' lang='lat' dir='ltr'>Ac</span> <span class='ocrx_word' id='word_1_183' title='bbox 1047 3248 1109 3279; x_wconf 90' lang='lat' dir='ltr'>ne</span> <span class='ocrx_word' id='word_1_184' title='bbox 1159 3232 1281 3278; x_wconf 90' lang='lat' dir='ltr'>irriti</span> <span class='ocrx_word' id='word_1_185' title='bbox 1314 3228 1406 3277; x_wconf 90' lang='lat' dir='ltr'>fint</span> <span class='ocrx_word' id='word_1_186' title='bbox 1452 3234 1648 3276; x_wconf 86' lang='lat' dir='ltr'>conatus</span> <span class='ocrx_word' id='word_1_187' title='bbox 1693 3241 1803 3274; x_wconf 91' lang='lat' dir='ltr'>cum</span> <span class='ocrx_word' id='word_1_188' title='bbox 1846 3222 2213 3286; x_wconf 87' lang='lat' dir='ltr'>magistratuum</span> <span class='ocrx_word' id='word_1_189' title='bbox 2258 3228 2363 3267; x_wconf 86' lang='lat' dir='ltr'>tum</span> 
     </span>
    </p>
   </div>
  </div>
 </body>
</html>
